2864 5000
66 487 123 555 111,
145 491 169 555 Β,
189 489 271 562 2-1]
549 485 571 537 T
574 485 737 539 rinummus.
1134 490 1195 552 293

532 675 740 758 Lysiteles

821 782 855 848 Si
878 783 910 847 iu
933 805 1001 848 rem
1024 791 1125 864 tuum,
1145 801 1197 854 630

64 895 262 974 Lesbonico,
285 914 355 958 esse
379 894 541 971 uideatur,
566 893 697 975 gloriae
713 899 770 956 aut
793 891 909 972 famae,
934 893 1048 958 sinam.

505 1029 758 1094 Lesbonicus

66 1140 169 1219 Quod
193 1147 243 1206 est
264 1139 464 1204 facillumum
487 1137 576 1204 lueis.

526 1276 736 1359 Lysiteles

625 1383 710 1462 Quid
733 1383 767 1448 id
790 1384 862 1448 est?

504 1521 757 1586 Lesbonicus

897 1605 1008 1670 Amico
1030 1605 1193 1671 iniuriam.

453 1787 455 1791 ⁴
535 1725 738 1810 Lysiteles

65 1841 188 1924 Neque
211 1843 350 1903 meumst
371 1857 478 1921 neque
501 1835 609 1900 fecere
632 1835 742 1901 didici.

511 1971 759 2038 Lesbonicus

682 2081 836 2147 Indoctus
858 2102 956 2166 quem
979 2079 1074 2145 docte
1096 2078 1193 2144 fecis!

67 2190 321 2270 (lutosensis,
350 2191 378 2257 si
406 2191 480 2277 quis
507 2191 674 2257 docuisset
696 2197 729 2255 te
751 2197 789 2255 ut
812 2191 860 2254 sic
882 2189 958 2254 odio
982 2209 1069 2254 esses
1091 2185 1193 2251 mihi?

67 2301 162 2364 Bene
185 2321 283 2384 quom
306 2299 441 2365 simules
464 2299 572 2365 fecere
595 2298 676 2362 mihi
697 2305 745 2378 te,
778 2297 980 2377 malefacis,
1010 2295 1094 2362 mele
1119 2317 1193 2362 con·

788 2405 879 2472 solis.
1143 2421 1194 2474 636

527 2515 735 2599 Lysiteles

66 2601 207 2685 Egone?

504 2708 757 2774 Lesbonicus
867 2711 871 2717 '

200 2795 250 2860 Tu
272 2816 323 2860 ne.

529 2903 735 2987 Lysiteles

320 3012 407 3091 Quid
429 3010 515 3076 mele
537 3010 646 3076 facio?

504 3129 763 3197 Lesbonicus

613 3238 706 3315 Quod
729 3261 789 3324 ego
814 3239 898 3318 uolo,
921 3239 955 3304 id
978 3259 1074 3322 quom
1099 3237 1190 3303 lacis.

528 3359 729 3443 Lysiteles

68 3469 160 3533 Tuee
182 3467 228 3533 rei
252 3467 336 3533 boue
359 3469 529 3534 consulere
552 3470 656 3550 cupio.

507 3589 757 3652 Lesbonicus

519 3696 566 3762 Tu
590 3696 670 3761 mihi
693 3717 728 3760 es
751 3695 866 3759 melior
889 3715 986 3776 quein
1009 3715 1069 3778 ego
1093 3693 1193 3759 mihi?

70 3805 128 3872 Sat
148 3805 255 3888 sepi03
279 3807 360 3870 setis
383 3805 417 3869 in
439 3826 507 3869 rem
531 3825 614 3888 quse
637 3805 704 3868 sint
721 3824 825 3882 meam
844 3824 904 3886 ego
922 3804 1086 3887 conspicio
1104 3803 1192 3868 mihi.

528 3946 554 4009 L
589 3946 736 4010 siteles

73 4057 122 4120 An
142 4055 244 4120 idest
263 4077 386 4138 sapere,
406 4063 443 4119 ut
460 4056 516 4136 qui
533 3968 722 4120 bineficium
744 4075 764 4118 e
788 4051 1002 4119 bcneuolcute
1019 4053 1192 4137 repudies?

163 4293 211 4348 638
229 4292 387 4347 meustBC
454 4291 569 4359 queuO
631 4295 682 4344 ott
700 4289 749 4357 Qui
770 4293 840 4345 bene
905 4293 1084 4358 telegonus
1143 4293 1195 4344 689

76 4392 162 4433 umn-
178 4376 226 4432 Bc
