2914 5012
259 507 320 570 100
773 499 865 555 Plauti

706 691 935 772 Ampelisca

257 803 329 868 Hoc
351 800 438 884 quod
461 805 521 882 est,
544 801 578 865 id
601 801 819 866 necessarium
845 809 895 864 est
918 799 1054 882 perpeti.

259 910 324 977 Sed
348 909 513 994 quidhoc
536 908 673 974 obsecro
697 909 766 974 est?

717 1044 926 1111 Palaestra

702 1152 809 1232 Quid?

706 1307 934 1390 Ampelisca

774 1416 881 1483 Uiden
904 1417 1017 1482 lanum
1040 1415 1157 1481 amabo
1179 1414 1265 1481 hoel

712 1571 925 1638 Palaestra

1220 1654 1290 1721 Ubi
1316 1657 1395 1722 est?

706 1790 936 1869 Ampelisca

260 1875 310 1940 Ad
333 1874 511 1941 dexteram.

714 2004 927 2072 Palaestra

564 2113 669 2180 Uideo
692 2114 846 2181 decorum
870 2114 920 2181 dis
942 2114 1050 2181 locum
1072 2112 1224 2180 niderier.

708 2258 933 2339 Ampelisca

259 2365 356 2432 Haud
378 2366 472 2448 longe
495 2365 612 2432 abesse
635 2373 767 2451 oportet
788 2365 937 2432 homines
959 2366 1051 2447 hino;
1083 2367 1133 2430 ita
1160 2365 1214 2430 hic
1236 2365 1396 2450 lepidast

977 2475 1078 2541 locus.

260 2582 357 2647 Neara
379 2582 527 2666 quisquis
548 2589 598 2648 est
620 2582 716 2664 deus,
745 2603 884 2650 ueneror
911 2590 948 2650 nt
974 2605 1036 2650 nos
1065 2603 1105 2648 ex
1132 2581 1194 2647 heo
1224 2603 1396 2648 aerumna

973 2693 1104 2769 eximat,
1340 2708 1395 2760 255

258 2798 407 2880 Miserae,
430 2801 555 2885 inopes,
578 2822 788 2868 aerumnosas
810 2808 847 2866 ut
870 2801 979 2886 aliquo
1003 2800 1125 2865 auxilio
1149 2798 1297 2863 adiuuet.

364 3125 621 3193 SAUERDOS.
668 3127 950 3194 PALAESPRA.
996 3123 1280 3192 AMPELISOA.

307 3355 313 3374 1
723 3301 921 3366 Sacerdos

136 3440 139 3448 ·
262 3402 322 3482 Qui
347 3412 431 3484 eunt,
455 3409 510 3489 qni
534 3429 554 3472 a
576 3415 717 3492 patrona
741 3429 854 3493 preces
878 3429 952 3472 mea
974 3407 1207 3491 expetessunt?

259 3512 343 3578 Nam
366 3536 431 3581 uox
454 3537 504 3580 me
528 3523 724 3599 precantum
746 3515 809 3581 huo
831 3514 921 3582 foras
944 3517 1112 3581 excitauit.

260 3623 386 3688 Bonam
408 3631 509 3707 atque
532 3625 765 3709 obsequentem
788 3625 882 3690 (leam
905 3631 1006 3706 atque
1028 3623 1116 3689 hand
1140 3629 1315 3706 granatam
1445 3649 1446 3683 r

260 3729 438 3797 Patronem
461 3740 683 3818 exsequontur
704 3735 945 3818 benignamque
967 3733 1115 3798 multum.
1339 3751 1395 3803 260
1442 3729 1445 3791 l

713 3876 924 3942 Palaestra

259 3980 413 4047 Iubemns
434 3988 468 4047 te
490 3983 629 4066 saluere,
651 3998 766 4051 mater.
843 4011 845 4017 ’

344 4223 395 4276 252
412 4223 529 4276 obsecro
548 4241 577 4278 es
595 4223 630 4290 B,
649 4225 765 4280 obsecra
783 4223 855 4278 esO
918 4223 1001 4277 niden
1021 4222 1121 4276 amabo
1139 4221 1249 4277 Fanum
1268 4214 1403 4278 uidesne'

258 4307 335 4388 noo?
421 4310 472 4362 255
489 4315 553 4364 ante
570 4315 613 4362 est
630 4309 731 4365 lacaaa
825 4313 875 4364 256
892 4310 984 4378 inopie
1073 4308 1231 4364 adiuuatll
1338 4313 1393 4364 258

258 4401 392 4468 petentum
410 4393 498 4450 mel)
