2890 5004
544 480 757 546 Argumentum.
1151 486 1213 546 415

73 673 109 730 si
136 671 204 748 quis
229 674 373 732 extricare
397 677 537 744 conetur,
566 692 672 730 versor
693 693 729 731 ne
753 691 873 748 operam
895 672 1018 750 perdet3
1053 673 1214 734 deformis

75 774 151 832 haec
183 775 446 832 animadvertenda
476 782 554 834 sunt.
622 770 803 852 Saporisllo
826 781 923 834 exstat
944 797 971 835 v.
999 778 1046 848 14,
1073 779 1120 853 16,
1152 779 1212 836 766

74 874 115 935 in
143 877 280 936 omnibus
302 877 399 950 codd.,
424 881 483 937 308
508 883 538 936 et
555 881 616 938 458
637 882 668 936 in
685 878 716 950 (l,
740 879 792 938 ubi
815 879 838 936 B
864 874 1065 954 „Sagariacio“
1090 879 1212 956 praebet.

75 981 201 1040 Puellae
228 1001 335 1039 nomen
364 983 394 1039 in
422 982 505 1040 codd.
529 1002 557 1040 r.
584 985 642 1040 197
676 976 907 1054 „lemniseleni“,
937 983 997 1040 248
1028 982 1211 1055 „lemnisslo

75 1081 175 1142 nern“
200 1090 259 1156 est,
283 1087 402 1160 quicum
424 1085 571 1143 consentit
593 1084 673 1161 quod
695 1086 726 1142 in
749 1086 895 1144 lemmatis
918 1085 983 1142 cod.
1003 1085 1026 1141 B
1044 1091 1213 1144 constanter

75 1185 232 1244 scribitur
257 1183 510 1259 „Lemniselene“.
567 1185 626 1245 Sed
655 1189 794 1263 quoniam
823 1187 926 1246 Graeca
952 1188 1014 1245 haec
1044 1188 1212 1248 declInandi

76 1291 167 1347 ratio
192 1310 208 1348 a
231 1289 370 1347 Plautina
393 1294 479 1346 aetate
503 1290 658 1362 abhorret,
694 1290 825 1348 dubitari
854 1291 904 1347 vix
933 1295 1032 1364 potest
1060 1295 1131 1368 quin
1153 1292 1214 1352 haec

76 1393 186 1450 forma
213 1392 405 1468 grammatico
438 1395 613 1467 posterioris
642 1394 786 1470 temporis
815 1391 973 1462 debeatur3
1009 1393 1131 1452 Plautus
1162 1401 1214 1453 aut

78 1489 341 1554 Lemniselenem
364 1495 440 1552 dixit
462 1501 514 1553 aut
537 1496 596 1554 alio
619 1515 742 1573 prorsus
764 1497 876 1552 nomini
899 1515 970 1552 usna
998 1501 1053 1554 est.
1108 1497 1213 1574 Ituqus

79 1601 117 1655 in
142 1599 203 1656 illis
227 1598 360 1656 versibus
386 1596 645 1671 „Lemniseleuae“
672 1604 703 1654 et
729 1596 998 1670 „Lemniselenam“
1027 1602 1213 1660 scribendum

79 1701 219 1758 videtur.
275 1700 454 1760 Ritsohelius
480 1698 716 1774 „Lemniseleni“
748 1707 779 1758 et
804 1700 1067 1774 „Lemniselenim“
1099 1705 1212 1775 maluit,

79 1809 121 1862 ut
158 1804 356 1862 nominativus
384 1805 597 1863 Lemniselenis
630 1805 725 1863 fieret.
782 1805 867 1876 Quod
896 1807 922 1862 si
956 1806 999 1862 ita
1029 1812 1119 1880 essct,
1153 1828 1213 1866 non

82 1907 204 1979 dubito,
236 1909 307 1982 quin
331 1907 453 1966 Plautus
475 1907 704 1967 Lemniselenidi
733 1915 763 1965 et
785 1907 1049 1966 Lemniselenidem
1079 1911 1213 1969 dicturus

82 2010 192 2078 fuerit,
220 2015 254 2066 ut
276 2009 399 2067 Lucridi
422 2031 450 2068 v.
476 2011 545 2068 621.
591 2009 726 2068 Ceterum
749 2031 940 2087 personarum
965 2013 1083 2070 nomina
1105 2015 1134 2070 in
1158 2014 1212 2070 hac

81 2111 192 2170 fabula
224 2113 287 2169 cod.
311 2112 333 2169 C
360 2112 442 2170 nullu
475 2116 593 2170 omnino
627 2114 754 2185 exhibet,
789 2115 853 2172 cod.
882 2115 907 2172 B
933 2121 1044 2190 praeter
1077 2117 1214 2174 lemmate

82 2216 187 2274 scenis
216 2217 418 2292 superscripta
438 2215 500 2272 iere
523 2216 620 2288 nulla;
655 2236 746 2292 quare
776 2221 876 2276 omnia
905 2221 1025 2276 nomina
1052 2221 1154 2295 paucis
1177 2221 1213 2278 iis

84 2319 234 2395 exceptis,
258 2338 323 2394 quse
346 2319 376 2376 in
398 2317 422 2374 B
446 2323 573 2392 exstent,
595 2321 720 2376 cursivis
738 2319 848 2378 litteris
866 2323 1007 2398 expressi.
1119 2397 1121 2402 ,

175 2422 365 2480 Ambrosiani
383 2421 493 2480 codicis
510 2421 582 2479 folia
598 2426 716 2480 servata
728 2422 826 2481 Persas
844 2423 896 2481 hos
916 2423 1082 2482 habueruut
1101 2443 1212 2496 versus,

91 2527 196 2584 1-29
211 2524 297 2597 med.‚
313 2527 489 2597 169-195,
503 2526 680 2598 ula-442,
699 2526 876 2598 lus—740,
896 2526 948 2584 scd
960 2528 1042 2584 veria
1055 2527 1213 2588 admodum

86 2647 192 2686 eornm
215 2628 349 2686 condicio
372 2633 425 2703 est,
454 2633 489 2686 ut
511 2629 541 2685 in
564 2628 630 2686 aliis
652 2628 725 2686 nihil
748 2633 800 2686 aut
821 2630 882 2686 sere
905 2629 988 2704 nihil,
1018 2631 1049 2687 in
1072 2631 1138 2688 aliis
1161 2639 1215 2690 sut

86 2730 234 2808 pleraque
253 2735 306 2788 aut
321 2733 420 2789 omnia
439 2730 499 2805 legi
517 2734 642 2807 possint,
660 2752 687 2788 v.
701 2730 814 2790 Ritsch.
827 2732 911 2808 prael.
928 2752 956 2808 p
970 2733 1049 2791 VIII.
1085 2735 1175 2793 codd.
1190 2736 1213 2792 B

86 2839 122 2890 et
146 2833 169 2892 G
191 2835 253 2910 ipse
276 2833 396 2908 contuli,
419 2853 456 2891 ne
479 2835 545 2910 quis
569 2833 670 2891 credat
693 2835 813 2892 incuriae
836 2834 953 2906 deberi,
983 2837 1008 2892 si
1031 2837 1102 2911 quid
1125 2839 1214 2896 alitor

88 2956 181 3012 quam
205 2938 283 3013 apud
305 2936 500 2995 Bitschelium
523 2935 678 2994 iudicatur.

522 3230 779 3297 Argumentum

90 3381 287 3440 acrostichon.
333 3386 360 3441 2.
384 3379 476 3442 Emit
497 3383 596 3460 acque,
620 3385 655 3441 cl.
669 3384 760 3442 Mero.
773 3385 845 3460 Arg.
866 3384 889 3457 Ι,
910 3386 938 3442 2.
958 3413 999 3423 -
1023 3387 1051 3444 3.
1073 3387 1110 3444 ut
1131 3386 1211 3446 Pius.

90 3515 134 3524 —
158 3486 281 3543 emeret:
323 3484 500 3562 Temporurn
523 3489 599 3545 ratio
626 3482 740 3558 „smat“
767 3488 902 3564 requirit²
926 3508 1018 3564 quare
1041 3489 1105 3565 Pyl.
1129 3495 1160 3547 et
1178 3490 1211 3548 R.

95 3589 141 3660 „is
159 3583 268 3645 emat“.
312 3586 370 3646 Sed
387 3588 462 3647 tales
479 3590 599 3647 maculo
626 3590 727 3647 sinon
752 3590 809 3666 ipsi
828 3590 943 3663 Plauto,
972 3611 1039 3649 nam
1057 3593 1135 3650 Men.
1152 3595 1213 3652 750

90 3692 150 3748 huc
183 3709 241 3748 non
269 3689 372 3764 traho,
408 3695 440 3748 at
469 3697 708 3768 argumentorum
738 3693 875 3770 scriptori
904 3694 1105 3771 relinquendae
1135 3703 1212 3756 suut.

93 3823 136 3833 -
159 3794 187 3848 4.
211 3785 397 3866 Subornaia,
421 3795 516 3852 altera
538 3799 681 3871 correpta.
726 3795 812 3854 Both.
833 3796 867 3854 B.
885 3798 1037 3856 licentius:
1069 3797 1213 3873 „Suadst3

92 3893 433 3955 subornat...filiam“.
456 3927 498 3937 -
522 3900 549 3955 5.
573 3892 677 3973 Atque
698 3903 876 3975 correptum,
900 3920 926 3957 v.
947 3901 1064 3975 Prolsg.
1088 3921 1118 3977 p.
1142 3903 1212 3960 205.

93 3999 129 4056 R.
152 4003 282 4073 transp.:
308 4001 495 4070 „intricatum
519 3997 592 4057 ita“.

180 4101 312 4159 Alterius
335 4105 497 4176 argumenti
522 4105 647 4178 vestigia
670 4105 698 4160 in
717 4105 780 4162 cod.
801 4107 992 4181 palimpsesto
1007 4106 1215 4178 Ambrosiam,

94 4205 145 4262 sed
169 4207 332 4262 recentiore
360 4225 447 4262 manu
473 4207 586 4282 scripta
607 4206 664 4262 sibi
688 4209 818 4281 reperire
841 4208 996 4265 videbatur
1018 4208 1212 4268 Studemund.
1327 4243 1330 4249 ·

95 4307 131 4364 de
155 4311 229 4364 ectae
252 4306 342 4364 Stichi
366 4313 500 4383 tempore
522 4327 550 4383 p.
578 4311 615 4366 Ill
639 4314 737 4366 annot.
762 4311 788 4366 2.
