2930 5002
80 523 94 594 L
108 527 126 594 2,
138 523 229 593 85-8,
246 523 263 579 8
556 518 677 579 Rudent.

80 717 110 783 Ut
125 737 197 801 prae
218 717 336 782 timore
357 715 392 779 in
416 734 523 798 genua
545 714 578 778 in
602 712 707 779 undas
731 714 885 779 concidit.

79 825 197 906 Soluast3
220 825 329 890 euasit
351 845 391 890 ex
413 843 517 907 aqua;
539 823 607 888 iarn
628 823 663 886 in
684 822 780 888 litore
804 829 864 888 ost.

78 933 123 1000 Sed
141 935 389 1000 dextrouorsum
410 952 532 997 auorra
554 931 581 997 it
600 933 636 997 in
659 932 777 996 malam
802 951 940 997 crucem.
1129 948 1177 1002 175

77 1041 127 1123 En,
147 1041 271 1108 errabit
292 1039 389 1106 illaec
410 1038 519 1106 hodie.

505 1160 727 1225 Daemones

552 1267 638 1346 Quid
660 1267 694 1334 id
717 1267 818 1334 refert
840 1269 921 1335 tua?

439 1381 457 1392 ⁵
506 1389 726 1469 Sceparnio

75 1495 98 1560 si
115 1499 153 1564 ad
178 1520 301 1580 saxum,
325 1519 388 1582 quo
413 1499 564 1582 capessit,
589 1519 628 1562 ea
651 1497 804 1594 deorsum
827 1497 926 1578 cadit,

74 1603 238 1672 Errationis
260 1607 376 1672 fecerit
398 1607 624 1691 conpendium.

470 1791 472 1794 .
506 1726 729 1792 Daemones

73 1831 97 1899 Si
115 1841 150 1901 tu
172 1836 213 1902 de
234 1836 365 1902 illarum
389 1842 567 1901 cenaturus
589 1836 720 1919 uesperi
743 1857 788 1916 ea,

72 1940 127 2009 Illis
148 1944 327 2009 curandum
350 1965 475 2024 censeo,
500 1943 692 2027 Sceparni03

71 2048 96 2114 Si
115 2052 200 2136 apud
222 2073 274 2118 me
297 2074 429 2119 ussurus
452 2073 492 2133 es,
516 2052 595 2117 mihi
618 2053 691 2118 dari
713 2063 848 2137 operam
869 2051 956 2118 nolo.

441 2201 443 2208 ·
507 2172 729 2252 Sceparnio
827 2190 832 2200 ·

70 2276 184 2346 Bonum
206 2302 412 2366 aequomque
435 2301 520 2346 oras.

509 2401 728 2468 Daemones

561 2509 706 2595 Sequere
728 2532 779 2576 me
801 2509 865 2577 hac
888 2531 980 2594 erga,

506 2630 724 2712 Sceparnio

1023 2737 1159 2820 Sequor.

517 2987 721 2996 ----

497 3207 746 3276 PALAESTRA

66 3372 163 3442 Nimio
185 3378 352 3444 hominum
379 3378 529 3445 fortunae
552 3382 660 3447 minus
682 3381 818 3448 miserae
841 3386 1066 3447 momorantur

70 3483 163 3564 Qum
184 3507 277 3570 quom
298 3488 500 3571 experiundo
523 3489 552 3554 is
575 3490 675 3555 datur
697 3490 863 3556 acerbum.

66 3589 151 3658 sane
171 3592 234 3660 hoc
257 3594 317 3662 deo
338 3596 557 3679 conplacitum
583 3603 644 3677 est,
667 3599 799 3664 mohac
822 3605 941 3664 ornatu
959 3604 1109 3664 ornatam
1132 3613 1181 3666 185

65 3697 97 3764 In
117 3703 258 3770 incertas
280 3706 430 3787 regiones
454 3705 603 3771 timidam
626 3707 787 3771 eiectam?

65 3807 206 3878 Hancine
229 3833 290 3896 ego
313 3813 355 3878 ad
377 3835 446 3879 rem
469 3823 582 3880 natam
606 3816 760 3880 miseram
783 3835 831 3879 me
853 3814 1064 3881 memorabo?

65 3915 153 3984 Hanc
174 3941 234 4002 ego
257 3928 385 4005 partem
409 3923 505 4004 capio
529 3922 570 3986 ob
593 3923 750 4004 pietatem
774 3923 1009 4007 praecipuam?

65 4072 262 4086 Ἣ

145 4160 194 4214 ln
212 4177 310 4215 acerra
381 4162 429 4214 178
447 4159 555 4216 hemO
622 4163 671 4216 178
689 4161 798 4218 iecerat
815 4161 853 4217 B'
914 4165 963 4217 179
982 4161 1025 4217 Sit
1042 4166 1073 4218 tu
1092 4159 1120 4216 Β

64 4248 206 4299 cenaturus
224 4245 367 4315 nuperius
447 4249 495 4301 183
513 4249 616 4302 mirere
703 4250 751 4302 184
770 4247 857 4316 Quam
876 4265 961 4319 quom
979 4249 1081 4304 tamena
1149 4247 1184 4301 iia

64 4328 109 4379 187
127 4328 204 4386 Satin
223 4333 324 4387 lamna
458 4333 507 4386 187
525 4351 565 4402 aq.
583 4332 709 4388 Huncine
727 4349 780 4402 ego
799 4338 906 4403 partem
923 4332 1071 4389 Omissis
1089 4333 1185 4389 mediis

66 4411 111 4464 187
129 4433 174 4471 rue
192 4433 242 4472 ona
262 4415 289 4471 B
360 4419 409 4471 188
426 4417 552 4473 Hancine
566 4418 595 4472 Β
