2890 5004
238 487 302 550 428
753 479 838 535 1³0ssss

238 671 362 738 utrum?
405 674 492 736 PAE.
521 675 628 735 Hercle
655 671 781 736 nescio.“
829 675 881 735 a:
919 675 1023 749 „Pau
1047 675 1154 737 Utrum
1185 684 1232 749 te,
1268 677 1370 736 hercle

238 774 389 840 heueci0“.
445 777 593 856 Equidem
626 798 683 838 non
717 778 821 838 dubito
854 779 926 856 quin
957 778 1062 838 tetrum
1094 781 1284 840 ediectivum
1315 785 1369 854 sit;

239 883 362 960 scripsi:
392 875 503 943 Utrum
525 875 625 942 hercle
647 874 692 939 ete
714 874 802 953 lubet,
826 881 874 940 vel
896 902 995 942 amare
1015 883 1063 941 vel
1084 882 1192 943 odisse.
1217 913 1264 922 —
1297 885 1369 943 211.

240 980 315 1065 quoi
334 979 390 1062 pol
413 998 550 1061 eumne,
585 984 697 1056 tmesis,
721 984 756 1043 cI.
779 983 975 1044 Benenate.
998 984 1080 1044 Trin.
1099 987 1169 1046 834.
1194 985 1235 1043 ad
1253 987 1370 1063 Amph.

241 1091 312 1148 698.
346 1087 407 1165 Mg.
432 1086 532 1146 Gram.
556 1086 622 1146 Lat.
647 1087 706 1146 203
731 1107 797 1146 ιιιιιι.
826 1115 868 1126 *-
896 1089 967 1146 213.
995 1081 1094 1166 Beda,
1121 1089 1368 1148 interiectionem

242 1185 353 1266 „Heia“
378 1191 507 1249 irridens
530 1189 696 1266 detorquet,
720 1209 748 1247 ιι.
768 1187 805 1248 ad
827 1187 917 1267 Epid.
937 1191 985 1249 99.
1010 1219 1050 1230 --
1067 1184 1196 1276 probae,
1219 1194 1369 1266 metimus,

238 1294 275 1353 cf.
299 1294 380 1353 Trin.
407 1295 502 1352 1049:
528 1294 659 1370 „quippe
677 1311 780 1351 eorum
797 1311 833 1350 ex
848 1293 969 1370 ingenio
992 1293 1141 1370 ingenium
1161 1293 1274 1352 horum
1299 1315 1370 1373 pro·

237 1391 340 1456 bant“.
367 1425 406 1436 -
430 1396 501 1454 214.
525 1409 579 1472 epo
602 1394 716 1454 (tamer.
739 1425 776 1436 —
800 1395 845 1470 ut,
868 1395 888 1454 i.
901 1415 926 1454 e.
939 1395 1063 1472 qualem,
1087 1415 1114 1454 v.
1128 1395 1166 1454 ad
1176 1395 1274 1456 licre.
1293 1399 1368 1458 348.

238 1528 278 1540 ...
303 1495 387 1558 decet
408 1491 563 1576 familiae,
594 1519 622 1558 v.
646 1496 683 1555 ad
706 1497 814 1575 Amph.
838 1499 909 1558 813.
931 1527 974 1538 -
997 1483 1067 1559 215.
1094 1492 1248 1572 confitere,
1276 1499 1368 1560 cette

238 1600 386 1661 autumo?
422 1619 461 1659 sc.
485 1585 564 1675 esse,
597 1601 727 1658 omnium
750 1601 925 1676 pessimum,
960 1623 987 1662 v.
1013 1603 1081 1660 210.
1115 1631 1159 1642 -
1191 1603 1266 1661 216.
1302 1597 1369 1664 Fa·

240 1703 327 1782 tear,
349 1699 380 1762 si
407 1697 452 1762 ila
480 1697 556 1776 sim,
585 1722 614 1761 v.
638 1703 677 1761 ad
697 1703 779 1762 Asin.
806 1704 876 1762 890.
922 1703 1027 1764 Bacch.
1052 1705 1123 1764 683.
1158 1733 1200 1745 -
1234 1702 1367 1782 expedi,

238 1829 266 1867 v.
291 1807 328 1866 ed
351 1805 457 1882 Amph.
485 1806 574 1864 1097.
604 1833 645 1843 -
679 1806 750 1864 217.
783 1800 848 1880 Quo
870 1800 965 1883 epis?
996 1826 1035 1866 sc.
1059 1813 1103 1880 te,
1136 1828 1164 1866 ιι.
1187 1807 1227 1866 ad
1248 1806 1367 1870 Bacch.

240 1909 329 1968 1103.
375 1909 543 1971 Proncmen
572 1905 686 1966 addunt
708 1905 833 1967 Gnietus
861 1912 891 1966 et
913 1908 1111 1984 Ritschelius,
1144 1911 1194 1987 qui
1217 1909 1275 1968 hoc
1313 1911 1367 1970 ed·

236 2013 300 2071 dito
324 2011 452 2072 defectui
482 2030 583 2069 versus
610 2029 780 2069 succursum
809 2015 936 2088 putavit.
981 2011 1109 2072 Weisius
1132 2033 1195 2072 cum
1220 2013 1366 2074 Bentleio

239 2114 315 2190 „Dic
343 2108 395 2174 tn“
426 2113 584 2190 repetitum
614 2113 704 2172 luisse
733 2113 875 2190 opinatus
903 2119 948 2173 est
975 2119 1009 2173 nt
1039 2116 1098 2174 245
1126 2115 1197 2192 „Dic
1220 2113 1364 2176 amabo“.

236 2215 293 2276 Sed
333 2218 397 2275 seri
436 2215 578 2289 similius,
618 2221 652 2274 ut
686 2217 816 2293 proximi
849 2236 952 2276 versus
980 2217 1085 2277 lacuna
1118 2223 1186 2278 ante
1221 2217 1362 2292 „scelus“

236 2337 300 2378 esse
334 2318 496 2393 indicatur,
539 2320 581 2376 lta
622 2316 709 2376 huius
743 2337 862 2395 quoque
896 2319 998 2380 eodem
1033 2339 1136 2380 versus
1168 2321 1231 2380 loeo
1264 2322 1365 2382 fnisse

235 2423 388 2496 statuitur,
413 2427 444 2478 et
467 2439 532 2479 cum
555 2418 691 2478 Acidalio
713 2419 899 2480 scribendum
916 2419 1083 2496 posterior.
1105 2454 1147 2463 —
1176 2425 1246 2483 218.
1273 2424 1312 2484 ies
1335 2421 1365 2483 is

236 2522 304 2583 add.
328 2523 379 2596 R.,
411 2529 441 2580 et
468 2529 592 2599 apparet
619 2527 671 2580 aut
698 2522 754 2583 hoc
783 2527 835 2583 aut
862 2524 942 2584 aliud
965 2526 1060 2584 simile
1082 2527 1238 2599 excidisse,
1274 2527 1363 2586 volnt

239 2631 287 2698 „te
319 2621 413 2701 agis“.
479 2625 615 2703 Spengel.
638 2625 735 2684 Plaut.
758 2647 788 2704 p.
813 2627 891 2686 226:
933 2625 1007 2700 „SO.
1042 2627 1122 2705 Ergo
1152 2623 1233 2706 quo?
1265 2628 1362 2689 PAR.

235 2729 300 2815 Quo
319 2748 388 2806 ergo
407 2725 545 2787 scelus?“
570 2757 612 2766 -
635 2729 706 2786 219.
732 2722 809 2802 „Ni“
834 2747 890 2806 pro
911 2724 978 2790 nisi
999 2730 1034 2790 R.
1067 2759 1102 2770 -
1127 2725 1206 2791 setes
1229 2731 1299 2789 cod.
1324 2732 1362 2792 D.

234 2863 275 2874 -
305 2834 374 2893 220.
404 2832 476 2891 Post
498 2844 591 2907 parem
612 2829 726 2902 hiatus3
762 2830 797 2890 R.
825 2827 917 2906 „ego“
950 2833 1044 2893 addit.
1073 2863 1115 2874 -·
1144 2835 1213 2893 221.
1243 2826 1300 2894 Ita
1317 2852 1363 2896 sse

233 2935 338 3013 scripsi
360 2955 447 2994 sensu
471 2933 604 3006 iubente,
628 2951 655 2991 ιι.
681 2932 718 2991 ad
741 2933 824 2992 Asin.
848 2935 920 2994 875.
953 2935 1020 2995 add.
1045 2937 1134 2995 Most.
1157 2938 1228 2996 987.
1263 2937 1360 2997 Poen.

233 3041 305 3099 426.
349 3037 464 3097 Errant
496 3037 546 3112 qui
580 3036 826 3112 interrogativum
856 3040 887 3095 et
919 3037 1128 3099 affirmativum
1163 3053 1201 3097 tte
1234 3040 1362 3099 confun-

234 3142 303 3202 dere
333 3145 363 3199 et
389 3137 518 3198 conflare
541 3142 701 3210 conantur,
733 3139 833 3198 llerm.
856 3139 956 3198 XVIII
978 3161 1008 3218 p.
1035 3143 1095 3200 574
1118 3161 1162 3220 sq.
1195 3170 1238 3181 -
1269 3135 1362 3202 haud

235 3240 359 3304 dedecet
389 3243 509 3302 Rostins
542 3261 613 3313 em.,
655 3247 707 3298 aut
746 3243 771 3302 si
813 3243 897 3301 malie
938 3262 1002 3301 cum
1037 3243 1151 3321 Bnggio
1183 3242 1306 3302 Tidskr.
1339 3245 1358 3302 l'.

234 3345 340 3405 Philol.
364 3345 404 3404 VI
426 3364 455 3422 p.
481 3346 514 3402 7;
551 3343 628 3416 „hau
656 3341 811 3404 dedecet“.
870 3345 915 3403 De
943 3347 1084 3423 prosodia
1111 3345 1148 3406 cf.
1178 3347 1297 3420 Proleg.
1328 3369 1358 3426 p.

234 3449 305 3507 208.
346 3448 397 3507 Β.ι
429 3445 498 3522 „Me
521 3445 639 3522 quidem
662 3447 732 3505 item
755 3445 909 3506 eddeeet“.
935 3477 972 3488 -
999 3451 1069 3508 222.
1094 3448 1250 3508 Certumne
1271 3447 1357 3508 Cam.

233 3581 274 3592 —
298 3552 369 3611 223.
398 3543 600 3625 Offirmastin
622 3547 663 3606 id.
713 3549 757 3608 cf.
781 3549 847 3609 Ter.
871 3549 947 3611 Eun.
974 3553 1044 3610 217.
1074 3581 1115 3592 -
1145 3553 1214 3611 225.
1248 3545 1358 3611 Nitazi

232 3649 316 3729 facio
339 3651 429 3727 (lam,
453 3653 471 3710 i.
495 3671 520 3710 e.
544 3671 603 3710 non
626 3648 968 3712 ουτω-1161110551.
992 3683 1033 3694 -
1063 3656 1135 3714 226.
1158 3648 1260 3713 Estne
1281 3649 1358 3714 lnce

232 3749 363 3816 maleus?
407 3755 551 3813 Dextram
580 3753 695 3831 pridem
729 3756 914 3830 ostenderat;
948 3756 1067 3831 laevam,
1101 3776 1161 3832 que
1192 3755 1357 3834 pugillares

232 3863 330 3934 tenet,
365 3857 521 3916 ostendere
551 3875 611 3916 non
639 3857 711 3916 vult.
762 3857 908 3934 Ijsendijk
936 3878 991 3938 pro
1019 3858 1065 3918 his
1093 3859 1250 3919 substituit
1278 3857 1356 3932 „Em

232 3955 321 4037 tibi“,
345 3962 425 4021 iusto
448 3958 598 4019 audacius.
621 3987 663 3998 -
692 3961 762 4020 227.
790 3955 889 4022 altera
917 3961 1043 4020 mediam
1070 3977 1198 4038 syncope
1220 3959 1356 4020 occulere

231 4063 369 4138 videtur,
399 4085 431 4123 v.·
450 4061 587 4141 Spengel.
610 4061 707 4121 Plaut.
731 4085 760 4142 p.
788 4065 856 4124 105.
897 4063 1013 4138 Proleg.
1036 4083 1065 4141 p.
1091 4064 1162 4122 211.
1193 4091 1229 4102 -
1260 4059 1354 4140 surti-

230 4163 306 4244 fiea3
341 4167 380 4226 ed
408 4165 489 4226 furta
516 4164 652 4223 facienda
679 4167 778 4243 aptior
805 4164 962 4224 videbatur
989 4165 1065 4226 lava
1093 4185 1212 4240 manns,
1241 4166 1354 4244 quippe

233 4289 321 4347 quam
343 4265 476 4328 homines
500 4285 579 4343 sarpa
601 4265 693 4343 pallio
715 4269 763 4328 vel
784 4272 855 4345 toga
876 4268 1070 4345 occultarent,
1093 4287 1239 4346 quamque
1261 4271 1354 4327 ceteri

232 4373 328 4431 minus
346 4368 548 4442 observarent,
571 4369 607 4427 cl.
621 4368 716 4426 Cetul.
733 4373 783 4429 12:
814 4370 1003 4443 „Marrucine
1014 4369 1108 4443 Asini,
1127 4389 1215 4430 manu
1232 4371 1354 4431 sinistre
