2930 5002
263 495 322 554 loe
782 483 873 537 Plauti
1174 479 1221 548 iv,
1240 481 1264 546 c,
1282 479 1363 531 11-1r

715 673 934 738 Daemones

262 787 325 852 Sed
348 739 498 869 propeie.

699 899 928 967 Trachalio

510 1011 610 1076 Licet.

716 1128 933 1193 Daemones

621 1237 691 1303 Iam
714 1237 767 1302 hia
789 1235 841 1300 fac
863 1237 914 1313 sil,
938 1255 1020 1300 cens
1042 1241 1079 1301 ut
1101 1241 1240 1300 curetur.

666 1403 670 1410 -
717 1355 929 1422 Trachalio

1286 1461 1371 1526 Licet.

716 1582 937 1648 Daemones

266 1697 406 1764 Omnian
429 1695 527 1761 lieet?

719 1798 933 1864 Trachalio

568 1910 671 1975 Licet.
717 1908 782 1974 Sed
805 1910 872 1972 scin
897 1908 976 1990 quid
999 1913 1049 1972 est
1071 1907 1159 1990 quod
1181 1915 1214 1972 te
1238 1905 1329 1971 uolo?

267 2021 362 2100 Quod
385 2020 566 2104 promisisti
588 2025 625 2083 ul
646 2017 840 2092 memineris,
864 2015 961 2080 hodic
984 2025 1021 2080 ul
1042 2015 1125 2079 liber
1148 2017 1217 2080 sim.

718 2135 936 2200 Daemones

1284 2241 1374 2304 Licet.

725 2363 934 2428 Trachalio

267 2479 333 2543 Fac
357 2485 395 2542 ul
418 2495 531 2541 exores
555 2473 790 2556 Plesidippum,
815 2479 851 2535 ut
875 2494 925 2536 me
948 2491 1043 2536 mann
1066 2473 1204 2536 emittet.

719 2591 936 2657 Daemones

1201 2698 1295 2763 Licet.
1321 2709 1378 2763 1205

724 2819 936 2884 Trachalio
966 2877 971 2882 .

271 2935 314 2998 Et
337 2941 396 2998 tua
418 2931 489 2996 filie
510 2929 612 2994 incito
635 2936 720 3009 oret3
744 2927 839 2992 facile
863 2928 1020 2993 exorabit.

724 3047 947 3112 Daemones

1082 3155 1181 3220 Licet.

478 3345 480 3352 ,
729 3277 939 3341 Trachalio

274 3386 381 3467 Atque
404 3391 441 3449 ut
464 3384 542 3450 mihi
565 3385 750 3469 Ampelisca
773 3385 884 3462 nubet,
908 3384 966 3448 ubi
989 3405 1048 3466 ego
1071 3384 1131 3449 sim
1154 3382 1245 3447 liber.

725 3510 946 3576 Daemones

1292 3612 1378 3677 Licet.

730 3737 939 3804 Trachalio
1319 3829 1323 3838 .

275 3850 382 3930 Atque
405 3853 442 3912 ut
464 3854 592 3929 graium
615 3846 694 3912 mihi
719 3845 910 3911 beneficium
933 3844 1029 3912 fectis
1053 3847 1211 3929 experiar.

725 3965 947 4032 Daemones

1253 4071 1345 4136 Licet.

363 4279 429 4332 1002
448 4277 492 4332 fao
511 4278 550 4332 sis
627 4279 693 4332 1000
710 4276 810 4332 Omnia
827 4277 924 4331 inlioet
998 4277 1064 4331 1205
1081 4271 1323 4345 pleucidippumil

276 4381 320 4418 ms
337 4379 386 4420 orn.
405 4362 433 4418 Β
505 4379 589 4417 manu
607 4377 656 4418 om.
728 4365 794 4416 1008
812 4360 1015 4416 beneuefiaium
1033 4361 1124 4418 insilis
1142 4359 1170 4415 B
