2928 4996
571 480 603 536 v.
622 483 766 537 osa-eor.
1169 487 1231 549 549

107 675 214 750 „Asa
244 675 300 749 Qui
324 673 414 735 dum?
459 673 540 736 STR.
566 675 642 748 Quia
665 677 763 734 amoni
787 696 823 735 ex
845 680 965 754 pectore
987 673 1229 738 truculentiam

104 778 211 838 Muell.
234 778 358 838 Nachtr.
381 777 401 836 l.
424 778 459 838 l.:
488 777 588 851 „osli
613 776 691 850 Quid
713 778 770 838 tibi
792 776 860 837 uls?
884 778 955 856 quin
977 784 1058 838 tuam
1081 781 1230 859 expromis

104 879 358 940 huculentiam?“
405 879 487 940 sch:
521 880 616 954 „Quid
639 879 703 940 ais?
736 879 817 939 AST.
841 880 918 952 Quid
940 879 1016 940 ulsV.
1046 879 1129 940 STR.
1153 881 1230 954 Quin

104 990 188 1042 tuam
218 988 358 1060 exspecto
384 978 638 1060 obsequenticm“.
694 982 836 1042 Ribbeck.
866 981 943 1042 llus.
972 981 1066 1042 Bhen.
1089 981 1232 1044 XXXVII
1279 975 1282 983 ’

104 1105 137 1162 p.
156 1087 232 1145 423:
259 1090 359 1160 „tuam
383 1091 531 1162 exspecto,
555 1105 615 1159 rus,
639 1083 881 1144 truculentiam“.
927 1084 998 1156 Quae
1021 1105 1110 1163 quum
1133 1089 1232 1148 omnic

104 1190 215 1267 partim
238 1189 325 1247 nimis
348 1190 470 1262 incerta,
493 1188 604 1266 partim
627 1189 735 1248 vitiosa
758 1189 827 1261 sint,
850 1188 880 1246 in
902 1189 1038 1265 proximo
1061 1207 1148 1248 versu
1171 1209 1232 1249 non
1349 1179 1355 1192 ¹

106 1289 212 1350 dubito
243 1291 314 1367 quin
343 1291 466 1349 Plantas
489 1284 589 1352 Dicin
617 1290 786 1370 scripserit3
821 1310 887 1349 nom
914 1274 987 1363 „Dic
1010 1287 1133 1368 inpsra“
1158 1291 1230 1350 ferri

106 1412 166 1452 non
189 1397 300 1470 potest.
344 1393 407 1451 Hoc
430 1397 528 1452 cutem
551 1392 624 1471 qnid
647 1392 729 1452 alind
753 1411 840 1471 quam
864 1386 946 1452 clare
968 1394 1103 1471 excipere
1125 1397 1230 1472 possIt,

106 1515 167 1553 non
189 1495 288 1555 video.
315 1525 352 1537 -
378 1497 448 1556 667.
473 1510 595 1569 omme,
626 1517 653 1555 r.
678 1495 714 1555 ad
737 1494 814 1555 Rud.
840 1496 911 1554 515.
933 1523 974 1534 -
1000 1496 1070 1554 668.
1095 1491 1146 1555 uel
1167 1491 1232 1557 iam

107 1596 188 1656 Cam.
219 1627 259 1638 -
290 1600 361 1658 670.
396 1592 510 1660 Habete
533 1599 567 1660 tc
588 1628 631 1640 —
661 1591 807 1660 Helium
829 1595 963 1672 Seyffert.
988 1596 1093 1655 Philol.
1117 1597 1231 1658 XXVII

106 1721 136 1779 p.
162 1703 234 1760 465.
255 1730 296 1742 —
313 1681 472 1788 fortene,
495 1722 523 1760 v.
547 1702 583 1760 ad
607 1700 715 1778 Amph.
739 1701 810 1760 615.
833 1729 875 1740 -
899 1697 970 1758 672.
993 1701 1230 1762 commonitam.

106 1803 175 1862 Non
205 1805 310 1862 mirum
340 1811 399 1874 est,
433 1805 544 1880 inquit,
578 1825 624 1863 me
652 1804 706 1863 hoc
739 1803 934 1875 intellexisse,
969 1822 1038 1860 nom
1071 1793 1231 1881 postquam

106 1905 213 1964 crebro
236 1907 339 1965 urbem
362 1907 473 1979 inviso,
508 1906 688 1966 urbanorum
716 1906 866 1965 hominum
898 1904 985 1965 modo
1016 1903 1101 1963 dicax
1131 1912 1166 1964 et
1182 1926 1230 1965 ca·

105 2008 228 2067 villctor
250 2009 344 2068 lactus
367 2028 441 2068 snm.
460 2037 502 2048 -
522 2012 592 2070 673.
617 2003 725 2070 Dicam
747 2022 818 2068 sum
840 1999 946 2079 factus
968 2004 1046 2065 Gom.
1093 2002 1234 2068 caelator

106 2109 340 2188 Kampmannus‚
363 2114 405 2170 sic
428 2115 505 2170 enim
528 2114 640 2171 rustice
657 2131 761 2171 rocem
778 2111 963 2190 pronuntiat,
987 2110 1069 2186 quod
1085 2111 1232 2188 Astaphio

104 2213 268 2271 ridiculum
287 2213 406 2272 ridetur
421 2233 474 2271 nec
494 2215 550 2273 nisi
569 2233 605 2272 ex
624 2215 764 2292 opinione
782 2208 1017 2287 intelligendum.
1032 2243 1072 2254 -·
1091 2215 1151 2273 674
1165 2213 1230 2293 Sp.:

110 2317 214 2388 „mitte
253 2312 347 2388 lsai:
382 2314 467 2389 sisto)
502 2311 708 2378 ridiculario“.
731 2345 768 2358 -
790 2317 849 2376 676
879 2315 945 2376 Sch.
971 2335 1036 2374 cum
1059 2315 1231 2393 Seyffertio:

110 2413 373 2490 „Cauillatorem“.
400 2447 438 2459 -
463 2421 533 2479 676.
562 2414 644 2480 illud
666 2421 786 2496 scripsi,
816 2421 835 2477 i.
859 2439 884 2478 e.
908 2438 974 2476 mec
997 2419 1078 2477 vocis
1101 2439 1233 2496 pronun-

105 2523 205 2579 tistio.
250 2519 375 2598 Speng.:
402 2530 454 2595 „ut
467 2566 474 2580 .
489 2567 495 2580 .
511 2568 516 2580 .
531 2519 680 2581 differat“.
725 2514 865 2581 caulibus
883 2520 969 2579 Both.
987 2549 1031 2562 -·-
1049 2522 1120 2580 677.
1146 2517 1230 2595 „ma“

106 2627 138 2680 et
163 2621 256 2695 ‚‚hoc“
281 2643 339 2684 om.
363 2624 453 2684 Both.
476 2654 515 2666 -
541 2627 611 2684 678.
636 2619 716 2684 lonc
738 2623 857 2684 noctem
875 2622 957 2681 Cam.
980 2651 1023 2663 -
1047 2624 1117 2682 679.
1144 2616 1234 2681 Perii

105 2732 138 2783 ct
161 2718 282 2784 heluam
305 2725 350 2786 od.
369 2747 414 2804 pr.
439 2757 480 2767 -
504 2729 574 2787 680.
599 2722 630 2787 Α
652 2719 734 2799 facio
756 2725 807 2804 Sp.
852 2719 943 2799 lucri,
965 2745 992 2784 v.
1006 2725 1044 2783 cd
1062 2724 1144 2782 Pers.
1160 2726 1230 2784 665.

105 2855 148 2867 -
183 2827 241 2885 681
279 2826 366 2887 affert
393 2828 509 2890 Probus
537 2829 574 2888 de
601 2829 696 2890 ultim.
725 2827 829 2906 syllab.
858 2847 888 2905 p.
913 2829 972 2888 263
997 2826 1050 2886 II.:
1087 2826 1231 2900 „Plautus
1338 2845 1343 2855 ·

106 2929 185 2988 dixit
211 2950 228 2987 a
253 2929 435 2991 Praenistinie
464 2951 568 2991 concas
596 2951 652 3010 pro
680 2933 807 2992 ciconeis
837 2927 1013 3007 appellcri“.
1069 2929 1229 2987 Praenesti·

106 3051 212 3090 norum
237 3032 380 3092 dialectns
403 3035 536 3111 tangitur
559 3036 647 3092 ctiam
670 3033 751 3093 Trin.
772 3036 842 3092 611.
866 3061 908 3074 -
931 3033 1002 3091 683.
1027 3025 1066 3092 Si
1087 3046 1161 3090 rure
1183 3031 1229 3089 ed.

105 3154 152 3212 pr.
178 3164 218 3174 -
239 3129 289 3194 hic·
311 3132 396 3211 apud
415 3150 475 3196 nos
498 3136 546 3195 esi
567 3136 649 3209 Sch.;
674 3136 770 3196 Guiet.
798 3131 981 3208 „hi0“‚del.;
1004 3134 1129 3213 Speng.:
1156 3133 1231 3206 „llic

107 3239 227 3315 quidem
251 3238 330 3315 opud
353 3259 407 3298 nos
431 3243 476 3297 est
498 3237 662 3314 Strabax⁸⁴3
692 3257 748 3314 ego
770 3259 876 3298 nomen
899 3257 964 3296 cum
986 3219 1120 3314 proximo
1143 3257 1231 3296 versu

106 3342 199 3399 iunxi.
224 3371 266 3379 -
289 3342 359 3402 685,
382 3335 437 3402 Eu
460 3335 575 3418 edepol,
599 3363 627 3402 v.
651 3342 688 3402 ad
711 3343 801 3403 Most.
822 3345 891 3402 331.
936 3334 1033 3399 nihili
1054 3339 1099 3400 ed.
1124 3359 1170 3416 pr.
1188 3368 1230 3379 -

105 3436 216 3503 Iamne
237 3443 331 3518 Acin,
364 3445 399 3503 cf.
424 3443 462 3503 cd
485 3444 590 3504 Bacch.
617 3446 688 3504 200.
713 3473 752 3486 --
777 3446 848 3504 686.
875 3436 977 3518 Quian
999 3437 1091 3501 nihili
1114 3441 1164 3517 Sp.
1189 3470 1230 3481 -

36 3609 42 3621 ,
106 3539 131 3604 Ι
147 3541 232 3606 intro
255 3549 300 3607 ed.
324 3569 369 3626 pr.
396 3575 433 3586 -
460 3548 529 3606 687.
562 3544 659 3608 ducor
681 3547 727 3606 ed.
752 3567 796 3624 pr.
821 3575 862 3586 -
892 3547 963 3605 688.
991 3557 1059 3604 mea
1081 3537 1168 3614 mihi,
1193 3544 1228 3600 cl.

106 3646 144 3706 od
168 3649 275 3726 Amph.
301 3650 371 3709 265.
1331 3637 1334 3644 ’

194 3957 264 4016 689.
288 3955 471 4034 septenariis
489 3955 648 4014 trochaicis
665 3975 753 4014 scena
769 3956 882 4033 scripta
899 3960 952 4028 est,
976 3966 1034 4031 qua
1053 3951 1229 4011 Diniarchus

106 4057 219 4136 gaudet
241 4055 321 4135 quod
344 4059 422 4118 dona
444 4078 497 4117 sua
519 4057 682 4118 Phronesio
706 4063 831 4136 accepte
851 4058 972 4116 fuerint.
988 4085 1031 4096 -
1051 4056 1120 4115 690.
1148 4049 1230 4131 thoi
1343 4131 1346 4138 .

107 4180 172 4220 cnm
200 4163 335 4240 proximo
366 4161 520 4234 coalescit,
554 4161 614 4219 nisi
642 4163 798 4220 omittatur
829 4155 933 4236 „ego“.
996 4152 1111 4220 Ueneri
1144 4172 1229 4217 meac

77 4292 81 4300 ·
107 4262 194 4338 Scyll.
217 4264 324 4324 Philol.
348 4262 463 4322 XXVII
485 4283 513 4342 p.
538 4264 616 4336 465,
651 4263 687 4322 cl.
712 4263 749 4322 ad
772 4262 858 4322 Onrc.
885 4264 954 4321 192.
978 4291 1019 4302 -
1051 4263 1121 4320 691.
1151 4255 1228 4321 laete

105 4365 173 4425 cdd.
200 4365 250 4443 Sp.
282 4395 318 4407 ·*
356 4361 505 4442 differor,
538 4386 566 4425 v.
596 4367 633 4424 cd
656 4365 719 4424 Mil.
747 4367 837 4425 1157.
871 4393 914 4405 -
948 4367 1017 4424 694.
1053 4364 1099 4422 est
1126 4383 1228 4421 versus
