3002 5000
88 469 133 530 111,
151 474 173 534 a,
190 470 306 537 42-1v‚
326 474 349 540 2,
370 474 386 525 4
594 472 684 526 Persa.

556 662 722 727 Toxilus

408 770 634 854 Supplicatum
658 791 729 835 cras
754 779 816 836 eat.

536 913 742 982 Dordalus

85 1019 131 1084 lta
151 1020 260 1086 hercle
282 1042 371 1087 uero.

557 1133 723 1196 Toxilus

433 1239 517 1305 Dum
541 1248 618 1318 stas,
643 1240 785 1306 reditum
809 1241 966 1322 oportuit.

85 1345 233 1430 Siquam
255 1369 323 1414 ram
347 1368 482 1413 accures
506 1347 616 1414 sobrie
640 1355 699 1412 a‘ut
721 1347 903 1430 frugaliter,

84 1453 166 1520 Solet
189 1455 249 1521 illa
271 1463 359 1520 recte
382 1456 443 1521 sub
467 1478 581 1522 manue
605 1457 792 1522 succedere.

83 1565 182 1644 Atque
206 1563 321 1648 edepol
345 1561 455 1642 ferme,
479 1573 515 1628 ut
539 1568 679 1648 quisque
702 1587 771 1630 rem
796 1573 931 1630 accurat
953 1587 1057 1634 suam.
1151 1583 1203 1634 450

83 1670 130 1736 Sic
152 1673 181 1736 ei
205 1673 390 1754 procedunt
413 1676 655 1758 postprincipia
679 1674 830 1758 denique.

87 1779 116 1844 Si
138 1780 243 1845 malus
266 1788 326 1846 aut
348 1803 489 1863 nequam
514 1791 571 1862 est,
596 1782 681 1848 male
705 1805 757 1848 reu
780 1790 929 1861 uertunt,
953 1804 1035 1866 quas
1060 1784 1145 1864 agit3

83 1888 133 1953 Sin
155 1896 265 1954 autem
288 1889 374 1972 frugi
398 1898 460 1968 est,
484 1893 641 1956 eueniunt
663 1890 844 1974 frugaliter.

83 1997 171 2062 Hane
194 2019 253 2081 ego
277 2019 344 2062 reru
369 2020 504 2065 exorsus
527 2021 599 2065 sum
621 1999 727 2065 fauete
751 2006 784 2064 et
806 1999 938 2080 callide;

84 2105 181 2187 Igitur
204 2115 439 2191 prouenturum
463 2109 545 2173 bene
569 2108 700 2174 confido
722 2107 810 2174 mihi.

83 2213 172 2280 Nunc
195 2237 253 2299 ego
277 2217 427 2281 lenonem
451 2219 500 2282 ita
522 2216 618 2282 hodie
641 2218 833 2282 intricatum
857 2217 952 2294 (labe,

85 2323 124 2388 Ut
143 2327 231 2407 ipsus
255 2347 336 2402 sese,
361 2346 481 2408 quase
506 2325 669 2409 expediat,
693 2328 829 2391 nesciat.

85 2431 269 2515 Sagaristio,
292 2434 384 2514 heus,
408 2437 459 2498 exi
483 2442 582 2518 atque
606 2435 706 2499 educe
730 2436 888 2516 uirginem

84 2539 124 2605 Et
144 2543 226 2608 istas
248 2541 400 2621 tabellas,
424 2563 507 2628 quas
532 2545 724 2626 consignaui
746 2543 817 2622 tibi,

86 2646 169 2724 Quae
192 2657 226 2714 tu
251 2652 394 2716 attulisti
418 2652 495 2715 mihi
519 2651 561 2715 ab
586 2673 639 2716 ero
664 2673 735 2716 meo
759 2674 862 2734 usque
886 2673 903 2715 e
927 2651 1048 2717 Persia.
1101 2721 1105 2733 .
1154 2668 1205 2719 460

403 3009 588 3076 TOXILUS
633 3011 886 3078 SAGARISTIO

526 3206 762 3288 Sayertstio

86 3310 162 3376 Num
185 3313 265 3398 quid
289 3315 419 3379 moror?

558 3425 725 3490 Toxilus

435 3531 537 3616 Euge,
562 3553 651 3615 euge,
677 3533 864 3600 exornatu's
887 3533 1031 3599 basilice.

87 3634 174 3704 Tiara
197 3646 351 3704 ornatum
374 3645 411 3706 ut
431 3641 543 3724 lepida
565 3642 765 3708 condecorat
788 3642 934 3707 schema!

87 3742 160 3812 'lum
182 3749 268 3814 hano
289 3749 455 3832 hospitam
480 3758 590 3816 autem
614 3751 785 3834 crepidula
806 3759 844 3814 ut
865 3750 1020 3860 graphice
1045 3749 1153 3815 decet!

89 3851 143 3920 Sed
164 3859 250 3923 satin
276 3859 356 3923 estis
379 3858 551 3924 meditati?

164 4097 215 4150 449
232 4114 292 4152 eum
310 4114 409 4152 manus
465 4155 468 4158 ,
514 4099 565 4152 450
582 4097 660 4153 firme
767 4098 815 4151 451
836 4097 966 4166 proredit
983 4103 1047 4166 port
1064 4098 1203 4167 principio

92 4180 135 4232 453
151 4181 282 4250 frugisvte
300 4183 418 4237 ueniunt
436 4182 463 4237 Β
528 4183 579 4238 455
596 4183 812 4254 prouenturaG
874 4186 925 4238 456
942 4183 1045 4238 hodite
1063 4183 1089 4237 B
1153 4185 1204 4237 458

94 4261 236 4334 Sugariecio
255 4269 283 4323 B
359 4268 471 4324 educo
544 4268 763 4326 Sauaalscw
781 4268 809 4324 B
884 4272 932 4323 461
954 4271 1079 4324 barilliee
1153 4272 1204 4324 462

95 4358 208 4408 erratum
226 4355 318 4424 lepide
336 4355 508 4410 condecorat
526 4361 603 4410 tuum
