<?xml version="1.0" encoding="UTF-8"?>
<!DOCTYPE html PUBLIC "-//W3C//DTD XHTML 1.0 Transitional//EN"
    "http://www.w3.org/TR/xhtml1/DTD/xhtml1-transitional.dtd">
<html xmlns="http://www.w3.org/1999/xhtml" xml:lang="en" lang="en">
 <head>
  <title>
</title>
<meta http-equiv="Content-Type" content="text/html;charset=utf-8" />
  <meta name='ocr-system' content='tesseract 3.04.00' />
  <meta name='ocr-capabilities' content='ocr_page ocr_carea ocr_par ocr_line ocrx_word'/>
</head>
<body>
  <div class='ocr_page' id='page_1' title='image "./tmacciiplautico04ussigoog_0528.png"; bbox 0 0 2920 4998; ppageno 0'>
   <div class='ocr_carea' id='block_1_1' title="bbox 468 457 1205 526">
    <p class='ocr_par' dir='ltr' id='par_1_1' title="bbox 468 457 1205 526">
     <span class='ocr_line' id='line_1_1' title="bbox 468 457 1205 526; baseline 0.011 -14"><span class='ocrx_word' id='word_1_1' title='bbox 468 457 635 526; x_wconf 81' lang='lat' dir='ltr'><strong>Didascalia,</strong></span> <span class='ocrx_word' id='word_1_2' title='bbox 652 459 836 526; x_wconf 75' lang='lat' dir='ltr'><strong>Argumenta.</strong></span> <span class='ocrx_word' id='word_1_3' title='bbox 1144 467 1205 526; x_wconf 84' lang='lat'><strong>519</strong></span> 
     </span>
    </p>
   </div>
   <div class='ocr_carea' id='block_1_2' title="bbox 71 633 1206 1549">
    <p class='ocr_par' dir='ltr' id='par_1_2' title="bbox 71 633 1206 1549">
     <span class='ocr_line' id='line_1_2' title="bbox 71 633 1204 730; baseline 0.003 -18"><span class='ocrx_word' id='word_1_4' title='bbox 71 673 136 730; x_wconf 88' lang='lat' dir='ltr'><strong>per</strong></span> <span class='ocrx_word' id='word_1_5' title='bbox 158 659 251 712; x_wconf 84' lang='lat' dir='ltr'><strong>totam</strong></span> <span class='ocrx_word' id='word_1_6' title='bbox 274 652 412 712; x_wconf 88' lang='lat' dir='ltr'><strong>fabulam.</strong></span> <span class='ocrx_word' id='word_1_7' title='bbox 437 683 479 692; x_wconf 89' lang='lat'>-</span> <span class='ocrx_word' id='word_1_8' title='bbox 509 655 546 726; x_wconf 86' lang='lat'><strong>10</strong></span> <span class='ocrx_word' id='word_1_9' title='bbox 576 653 649 728; x_wconf 90' lang='lat' dir='ltr'><strong>quid</strong></span> <span class='ocrx_word' id='word_1_10' title='bbox 678 633 876 726; x_wconf 87' lang='lat' dir='ltr'><strong>continuerit,</strong></span> <span class='ocrx_word' id='word_1_11' title='bbox 898 661 987 730; x_wconf 87' lang='lat' dir='ltr'><strong>atque</strong></span> <span class='ocrx_word' id='word_1_12' title='bbox 1017 658 1105 714; x_wconf 88' lang='lat' dir='ltr'><strong>etiam</strong></span> <span class='ocrx_word' id='word_1_13' title='bbox 1135 677 1204 715; x_wconf 86' lang='lat' dir='ltr'><strong>num</strong></span> 
     </span>
     <span class='ocr_line' id='line_1_3' title="bbox 74 755 1204 832; baseline 0.001 -16"><span class='ocrx_word' id='word_1_14' title='bbox 74 759 202 816; x_wconf 89' lang='lat' dir='ltr'><strong>omnino</strong></span> <span class='ocrx_word' id='word_1_15' title='bbox 225 757 332 814; x_wconf 89' lang='lat' dir='ltr'><strong>litteris</strong></span> <span class='ocrx_word' id='word_1_16' title='bbox 355 757 523 832; x_wconf 82' lang='lat' dir='ltr'><strong>perscripta</strong></span> <span class='ocrx_word' id='word_1_17' title='bbox 544 755 648 828; x_wconf 84' lang='lat' dir='ltr'><strong>fuerit,</strong></span> <span class='ocrx_word' id='word_1_18' title='bbox 677 756 842 832; x_wconf 85' lang='lat' dir='ltr'><strong>ignoretur.</strong></span> <span class='ocrx_word' id='word_1_19' title='bbox 887 756 1082 832; x_wconf 86' lang='lat' dir='ltr'><strong>Ritscheliue,</strong></span> <span class='ocrx_word' id='word_1_20' title='bbox 1111 764 1145 818; x_wconf 88' lang='lat' dir='ltr'><strong>ut</strong></span> <span class='ocrx_word' id='word_1_21' title='bbox 1173 761 1204 817; x_wconf 90' lang='lat' dir='ltr'><strong>in</strong></span> 
     </span>
     <span class='ocr_line' id='line_1_4' title="bbox 72 853 1206 936; baseline 0.002 -18"><span class='ocrx_word' id='word_1_22' title='bbox 72 859 265 918; x_wconf 87' lang='lat' dir='ltr'><strong>Terentianis</strong></span> <span class='ocrx_word' id='word_1_23' title='bbox 287 857 456 917; x_wconf 82' lang='lat' dir='ltr'><strong>didascaliis</strong></span> <span class='ocrx_word' id='word_1_24' title='bbox 479 857 535 916; x_wconf 91' lang='lat' dir='ltr'><strong>boc</strong></span> <span class='ocrx_word' id='word_1_25' title='bbox 556 859 620 918; x_wconf 91' lang='lat' dir='ltr'><strong>loco</strong></span> <span class='ocrx_word' id='word_1_26' title='bbox 637 878 777 918; x_wconf 88' lang='lat' dir='ltr'><strong>numerus</strong></span> <span class='ocrx_word' id='word_1_27' title='bbox 794 858 902 918; x_wconf 80' lang='lat' dir='ltr'><strong>fabula</strong></span> <span class='ocrx_word' id='word_1_28' title='bbox 926 859 1074 919; x_wconf 85' lang='lat' dir='ltr'><strong>indicetur</strong></span> <span class='ocrx_word' id='word_1_29' title='bbox 1093 853 1206 936; x_wconf 84' lang='lat' dir='ltr'><strong>(„facta</strong></span> 
     </span>
     <span class='ocr_line' id='line_1_5' title="bbox 74 955 1205 1040; baseline 0.004 -22"><span class='ocrx_word' id='word_1_30' title='bbox 74 967 127 1020; x_wconf 88' lang='lat' dir='ltr'><strong>est</strong></span> <span class='ocrx_word' id='word_1_31' title='bbox 150 963 259 1036; x_wconf 86' lang='lat' dir='ltr'><strong>prima,</strong></span> <span class='ocrx_word' id='word_1_32' title='bbox 288 961 432 1034; x_wconf 77' lang='lat' dir='ltr'><strong>secunda,</strong></span> <span class='ocrx_word' id='word_1_33' title='bbox 461 955 583 1036; x_wconf 84' lang='lat' dir='ltr'><strong>cett.“)‚</strong></span> <span class='ocrx_word' id='word_1_34' title='bbox 617 961 659 1020; x_wconf 86' lang='lat' dir='ltr'><strong>ita</strong></span> <span class='ocrx_word' id='word_1_35' title='bbox 689 961 736 1020; x_wconf 91' lang='lat' dir='ltr'><strong>hic</strong></span> <span class='ocrx_word' id='word_1_36' title='bbox 766 981 884 1038; x_wconf 88' lang='lat' dir='ltr'><strong>quoque</strong></span> <span class='ocrx_word' id='word_1_37' title='bbox 913 963 1056 1037; x_wconf 84' lang='lat' dir='ltr'><strong>scriptum</strong></span> <span class='ocrx_word' id='word_1_38' title='bbox 1078 965 1205 1040; x_wconf 82' lang='lat' dir='ltr'><strong>putavit,</strong></span> 
     </span>
     <span class='ocr_line' id='line_1_6' title="bbox 75 1057 1203 1142; baseline 0.002 -19"><span class='ocrx_word' id='word_1_39' title='bbox 75 1069 174 1142; x_wconf 91' lang='lat' dir='ltr'><strong>quota</strong></span> <span class='ocrx_word' id='word_1_40' title='bbox 195 1083 231 1122; x_wconf 87' lang='lat' dir='ltr'><strong>ex</strong></span> <span class='ocrx_word' id='word_1_41' title='bbox 253 1062 400 1122; x_wconf 78' lang='lat' dir='ltr'><strong>Plautinis</strong></span> <span class='ocrx_word' id='word_1_42' title='bbox 422 1062 530 1122; x_wconf 81' lang='lat' dir='ltr'><strong>fabulis</strong></span> <span class='ocrx_word' id='word_1_43' title='bbox 554 1063 673 1122; x_wconf 89' lang='lat' dir='ltr'><strong>Stichus</strong></span> <span class='ocrx_word' id='word_1_44' title='bbox 696 1068 781 1124; x_wconf 89' lang='lat' dir='ltr'><strong>esset.</strong></span> <span class='ocrx_word' id='word_1_45' title='bbox 802 1093 844 1103; x_wconf 91' lang='lat'><em>-</em></span> <span class='ocrx_word' id='word_1_46' title='bbox 864 1066 912 1122; x_wconf 92' lang='lat' dir='ltr'><strong>ll.</strong></span> <span class='ocrx_word' id='word_1_47' title='bbox 942 1057 976 1124; x_wconf 86' lang='grc'><strong>0.</strong></span> <span class='ocrx_word' id='word_1_48' title='bbox 993 1058 1142 1140; x_wconf 72' lang='lat' dir='ltr'><strong>Sulpicio</strong></span> <span class='ocrx_word' id='word_1_49' title='bbox 1169 1059 1203 1127; x_wconf 77' lang='grc' dir='ltr'><strong>Ο.</strong></span> 
     </span>
     <span class='ocr_line' id='line_1_7' title="bbox 71 1161 1204 1247; baseline 0.002 -22"><span class='ocrx_word' id='word_1_50' title='bbox 71 1161 212 1226; x_wconf 74' lang='lat' dir='ltr'><strong>Aurelio</strong></span> <span class='ocrx_word' id='word_1_51' title='bbox 234 1179 311 1238; x_wconf 69' lang='lat' dir='ltr'><strong>coc,</strong></span> <span class='ocrx_word' id='word_1_52' title='bbox 347 1187 413 1224; x_wconf 86' lang='lat' dir='ltr'><strong>ann.</strong></span> <span class='ocrx_word' id='word_1_53' title='bbox 438 1167 499 1224; x_wconf 79' lang='grc'><strong>200</strong></span> <span class='ocrx_word' id='word_1_54' title='bbox 523 1177 549 1224; x_wconf 78' lang='lat' dir='ltr'><strong>a.</strong></span> <span class='ocrx_word' id='word_1_55' title='bbox 574 1165 643 1225; x_wconf 82' lang='lat' dir='ltr'><strong>chr.</strong></span> <span class='ocrx_word' id='word_1_56' title='bbox 666 1187 711 1240; x_wconf 88' lang='lat' dir='ltr'><strong>n.;</strong></span> <span class='ocrx_word' id='word_1_57' title='bbox 745 1167 798 1225; x_wconf 88' lang='lat' dir='ltr'><strong>sed</strong></span> <span class='ocrx_word' id='word_1_58' title='bbox 828 1168 857 1225; x_wconf 93' lang='lat' dir='ltr'><strong>in</strong></span> <span class='ocrx_word' id='word_1_59' title='bbox 884 1169 1065 1243; x_wconf 77' lang='lat' dir='ltr'><strong>praenomine</strong></span> <span class='ocrx_word' id='word_1_60' title='bbox 1093 1169 1204 1247; x_wconf 88' lang='lat' dir='ltr'><strong>prioris</strong></span> 
     </span>
     <span class='ocr_line' id='line_1_8' title="bbox 73 1268 1202 1347; baseline 0.003 -19"><span class='ocrx_word' id='word_1_61' title='bbox 73 1268 209 1328; x_wconf 87' lang='lat' dir='ltr'><strong>conculis</strong></span> <span class='ocrx_word' id='word_1_62' title='bbox 231 1274 362 1327; x_wconf 88' lang='lat' dir='ltr'><strong>erratum</strong></span> <span class='ocrx_word' id='word_1_63' title='bbox 384 1269 511 1342; x_wconf 86' lang='lat' dir='ltr'><strong>videtur,</strong></span> <span class='ocrx_word' id='word_1_64' title='bbox 534 1289 600 1326; x_wconf 93' lang='lat' dir='ltr'><strong>nam</strong></span> <span class='ocrx_word' id='word_1_65' title='bbox 623 1268 656 1327; x_wconf 91' lang='lat' dir='ltr'><strong>P.</strong></span> <span class='ocrx_word' id='word_1_66' title='bbox 676 1269 825 1347; x_wconf 78' lang='lat' dir='ltr'>Sulpicius</span> <span class='ocrx_word' id='word_1_67' title='bbox 848 1275 893 1326; x_wconf 90' lang='lat' dir='ltr'><strong>est</strong></span> <span class='ocrx_word' id='word_1_68' title='bbox 910 1269 975 1328; x_wconf 81' lang='lat' dir='ltr'><strong>Liv.</strong></span> <span class='ocrx_word' id='word_1_69' title='bbox 987 1269 1096 1344; x_wconf 84' lang='lat' dir='ltr'><strong>XXXI,</strong></span> <span class='ocrx_word' id='word_1_70' title='bbox 1119 1274 1147 1344; x_wconf 96' lang='lat'><strong>4,</strong></span> <span class='ocrx_word' id='word_1_71' title='bbox 1167 1275 1202 1331; x_wconf 91' lang='lat'><strong>4:</strong></span> 
     </span>
     <span class='ocr_line' id='line_1_9' title="bbox 77 1368 1201 1449; baseline 0.002 -19"><span class='ocrx_word' id='word_1_72' title='bbox 77 1371 135 1446; x_wconf 69' lang='lat' dir='ltr'><strong>„R</strong></span> <span class='ocrx_word' id='word_1_73' title='bbox 156 1371 301 1449; x_wconf 79' lang='lat' dir='ltr'>Sulpicius</span> <span class='ocrx_word' id='word_1_74' title='bbox 324 1369 426 1443; x_wconf 86' lang='lat' dir='ltr'><strong>Galba,</strong></span> <span class='ocrx_word' id='word_1_75' title='bbox 451 1371 482 1429; x_wconf 86' lang='grc'><strong>0.</strong></span> <span class='ocrx_word' id='word_1_76' title='bbox 499 1370 639 1429; x_wconf 80' lang='lat' dir='ltr'>Aurelius</span> <span class='ocrx_word' id='word_1_77' title='bbox 657 1368 774 1442; x_wconf 82' lang='lat' dir='ltr'><strong>Cotta“,</strong></span> <span class='ocrx_word' id='word_1_78' title='bbox 797 1373 928 1448; x_wconf 93' lang='lat' dir='ltr'><strong>itemque</strong></span> <span class='ocrx_word' id='word_1_79' title='bbox 952 1392 975 1430; x_wconf 89' lang='lat' dir='ltr'><strong>c.</strong></span> <span class='ocrx_word' id='word_1_80' title='bbox 997 1373 1024 1444; x_wconf 85' lang='lat'><strong>5,</strong></span> <span class='ocrx_word' id='word_1_81' title='bbox 1044 1373 1072 1431; x_wconf 81' lang='lat'><strong>2.</strong></span> <span class='ocrx_word' id='word_1_82' title='bbox 1108 1372 1201 1446; x_wconf 81' lang='lat' dir='ltr'><strong>XLII,</strong></span> 
     </span>
     <span class='ocr_line' id='line_1_10' title="bbox 76 1472 553 1549; baseline 0.002 -16"><span class='ocrx_word' id='word_1_83' title='bbox 76 1475 132 1547; x_wconf 83' lang='grc'><strong>34,</strong></span> <span class='ocrx_word' id='word_1_84' title='bbox 157 1478 185 1533; x_wconf 88' lang='grc'><strong>5.</strong></span> <span class='ocrx_word' id='word_1_85' title='bbox 219 1472 294 1549; x_wconf 81' lang='lat' dir='ltr'><strong>Nep.</strong></span> <span class='ocrx_word' id='word_1_86' title='bbox 317 1474 445 1534; x_wconf 85' lang='lat' dir='ltr'><strong>Hannib.</strong></span> <span class='ocrx_word' id='word_1_87' title='bbox 471 1476 500 1546; x_wconf 79' lang='lat'><strong>7,</strong></span> <span class='ocrx_word' id='word_1_88' title='bbox 527 1476 553 1534; x_wconf 93' lang='lat' dir='ltr'><strong>l.</strong></span> 
     </span>
    </p>
   </div>
   <div class='ocr_carea' id='block_1_3' title="bbox 487 1833 792 1919">
    <p class='ocr_par' dir='ltr' id='par_1_3' title="bbox 487 1833 792 1919">
     <span class='ocr_line' id='line_1_11' title="bbox 487 1833 792 1919; baseline 0.013 -31"><span class='ocrx_word' id='word_1_89' title='bbox 487 1833 745 1919; x_wconf 78' lang='lat' dir='ltr'><strong>Argumentum</strong></span> <span class='ocrx_word' id='word_1_90' title='bbox 763 1833 792 1892; x_wconf 92' lang='lat'><strong>1.</strong></span> 
     </span>
    </p>
   </div>
   <div class='ocr_carea' id='block_1_4' title="bbox 71 1983 1202 2066">
    <p class='ocr_par' dir='ltr' id='par_1_4' title="bbox 71 1983 1202 2066">
     <span class='ocr_line' id='line_1_12' title="bbox 71 1983 1202 2066; baseline 0 -18"><span class='ocrx_word' id='word_1_91' title='bbox 71 1988 274 2048; x_wconf 80' lang='lat' dir='ltr'><strong>acrostichon.</strong></span> <span class='ocrx_word' id='word_1_92' title='bbox 343 1989 371 2046; x_wconf 79' lang='lat'><strong>2.</strong></span> <span class='ocrx_word' id='word_1_93' title='bbox 406 1983 485 2048; x_wconf 80' lang='lat' dir='ltr'><strong>Tam</strong></span> <span class='ocrx_word' id='word_1_94' title='bbox 512 2007 578 2046; x_wconf 91' lang='lat' dir='ltr'><strong>cum</strong></span> <span class='ocrx_word' id='word_1_95' title='bbox 605 1987 761 2062; x_wconf 79' lang='lat' dir='ltr'><strong>Seyffertio</strong></span> <span class='ocrx_word' id='word_1_96' title='bbox 790 1987 875 2046; x_wconf 86' lang='lat' dir='ltr'><strong>Stud.</strong></span> <span class='ocrx_word' id='word_1_97' title='bbox 905 1987 1002 2046; x_wconf 85' lang='lat' dir='ltr'><strong>Plaut.</strong></span> <span class='ocrx_word' id='word_1_98' title='bbox 1024 2009 1054 2066; x_wconf 92' lang='lat' dir='ltr'><strong>p.</strong></span> <span class='ocrx_word' id='word_1_99' title='bbox 1081 1989 1119 2047; x_wconf 87' lang='grc'><strong>14</strong></span> <span class='ocrx_word' id='word_1_100' title='bbox 1146 2009 1202 2066; x_wconf 86' lang='lat' dir='ltr'><strong>pro</strong></span> 
     </span>
    </p>
   </div>
   <div class='ocr_carea' id='block_1_5' title="bbox 72 2087 1201 2272">
    <p class='ocr_par' dir='ltr' id='par_1_5' title="bbox 72 2087 1201 2272">
     <span class='ocr_line' id='line_1_13' title="bbox 74 2087 1198 2168; baseline 0.001 -20"><span class='ocrx_word' id='word_1_101' title='bbox 74 2087 219 2166; x_wconf 56' lang='lat' dir='ltr'><strong>„tamem</strong></span> <span class='ocrx_word' id='word_1_102' title='bbox 243 2091 374 2168; x_wconf 82' lang='lat' dir='ltr'><strong>positum</strong></span> <span class='ocrx_word' id='word_1_103' title='bbox 398 2089 495 2164; x_wconf 89' lang='lat' dir='ltr'><strong>credo,</strong></span> <span class='ocrx_word' id='word_1_104' title='bbox 520 2111 548 2150; x_wconf 81' lang='lat' dir='ltr'><strong>v.</strong></span> <span class='ocrx_word' id='word_1_105' title='bbox 566 2090 604 2148; x_wconf 85' lang='lat' dir='ltr'><strong>ad</strong></span> <span class='ocrx_word' id='word_1_106' title='bbox 623 2090 728 2150; x_wconf 86' lang='lat' dir='ltr'><strong>Bacch.</strong></span> <span class='ocrx_word' id='word_1_107' title='bbox 749 2091 839 2162; x_wconf 87' lang='grc'>1196,</span> <span class='ocrx_word' id='word_1_108' title='bbox 864 2110 930 2148; x_wconf 88' lang='lat' dir='ltr'><strong>uam</strong></span> <span class='ocrx_word' id='word_1_109' title='bbox 953 2091 979 2150; x_wconf 88' lang='lat' dir='ltr'><strong>si</strong></span> <span class='ocrx_word' id='word_1_110' title='bbox 1003 2087 1198 2167; x_wconf 84' lang='lat' dir='ltr'><strong>„tantopere“</strong></span> 
     </span>
     <span class='ocr_line' id='line_1_14' title="bbox 72 2186 1201 2272; baseline -0.001 -18"><span class='ocrx_word' id='word_1_111' title='bbox 72 2195 215 2271; x_wconf 76' lang='lat' dir='ltr'><strong>explices,</strong></span> <span class='ocrx_word' id='word_1_112' title='bbox 234 2195 321 2252; x_wconf 87' lang='lat' dir='ltr'><strong>nimis</strong></span> <span class='ocrx_word' id='word_1_113' title='bbox 337 2192 471 2255; x_wconf 87' lang='lat' dir='ltr'><strong>abundat</strong></span> <span class='ocrx_word' id='word_1_114' title='bbox 481 2187 542 2252; x_wconf 75' lang='lat' dir='ltr'><strong>Ita.</strong></span> <span class='ocrx_word' id='word_1_115' title='bbox 555 2221 597 2230; x_wconf 90' lang='lat'><em>-</em></span> <span class='ocrx_word' id='word_1_116' title='bbox 611 2193 638 2250; x_wconf 76' lang='lat'><strong>7.</strong></span> <span class='ocrx_word' id='word_1_117' title='bbox 663 2186 758 2252; x_wconf 76' lang='lat' dir='ltr'><strong>ludus</strong></span> <span class='ocrx_word' id='word_1_118' title='bbox 777 2189 879 2266; x_wconf 80' lang='lat' dir='ltr'><strong>datur,</strong></span> <span class='ocrx_word' id='word_1_119' title='bbox 897 2213 926 2252; x_wconf 86' lang='lat' dir='ltr'><strong>v.</strong></span> <span class='ocrx_word' id='word_1_120' title='bbox 938 2192 978 2272; x_wconf 86' lang='lat' dir='ltr'><strong>ad</strong></span> <span class='ocrx_word' id='word_1_121' title='bbox 990 2193 1095 2252; x_wconf 90' lang='lat' dir='ltr'><strong>Bacch.</strong></span> <span class='ocrx_word' id='word_1_122' title='bbox 1111 2195 1201 2254; x_wconf 77' lang='lat'><strong>1079.</strong></span> 
     </span>
    </p>
   </div>
   <div class='ocr_carea' id='block_1_6' title="bbox 478 2415 805 2482">
    <p class='ocr_par' dir='ltr' id='par_1_6' title="bbox 478 2415 805 2482">
     <span class='ocr_line' id='line_1_15' title="bbox 478 2415 805 2482; baseline 0.006 -11"><span class='ocrx_word' id='word_1_123' title='bbox 478 2416 737 2482; x_wconf 80' lang='lat' dir='ltr'><strong>Argumentum</strong></span> <span class='ocrx_word' id='word_1_124' title='bbox 759 2415 805 2474; x_wconf 90' lang='lat'><strong>11.</strong></span> 
     </span>
    </p>
   </div>
   <div class='ocr_carea' id='block_1_7' title="bbox 74 2567 1203 2955">
    <p class='ocr_par' dir='ltr' id='par_1_7' title="bbox 74 2567 1203 2955">
     <span class='ocr_line' id='line_1_16' title="bbox 74 2567 1203 2648; baseline 0.001 -20"><span class='ocrx_word' id='word_1_125' title='bbox 74 2571 174 2630; x_wconf 87' lang='lat' dir='ltr'><strong>Huius</strong></span> <span class='ocrx_word' id='word_1_126' title='bbox 205 2591 314 2648; x_wconf 85' lang='lat' dir='ltr'><strong>paucas</strong></span> <span class='ocrx_word' id='word_1_127' title='bbox 347 2571 489 2647; x_wconf 77' lang='lat' dir='ltr'><strong>reliquias</strong></span> <span class='ocrx_word' id='word_1_128' title='bbox 523 2568 743 2628; x_wconf 86' lang='lat' dir='ltr'><strong>Studemundus</strong></span> <span class='ocrx_word' id='word_1_129' title='bbox 779 2569 815 2626; x_wconf 87' lang='lat' dir='ltr'><strong>du</strong></span> <span class='ocrx_word' id='word_1_130' title='bbox 843 2572 917 2626; x_wconf 75' lang='lat' dir='ltr'><strong>actae</strong></span> <span class='ocrx_word' id='word_1_131' title='bbox 946 2567 1039 2626; x_wconf 88' lang='lat' dir='ltr'><strong>Stichi</strong></span> <span class='ocrx_word' id='word_1_132' title='bbox 1070 2576 1203 2647; x_wconf 87' lang='lat' dir='ltr'><strong>tempore</strong></span> 
     </span>
     <span class='ocr_line' id='line_1_17' title="bbox 74 2670 1201 2751; baseline -0.001 -20"><span class='ocrx_word' id='word_1_133' title='bbox 74 2694 105 2751; x_wconf 87' lang='lat' dir='ltr'><strong>p.</strong></span> <span class='ocrx_word' id='word_1_134' title='bbox 132 2673 171 2732; x_wconf 82' lang='lat'><strong>25</strong></span> <span class='ocrx_word' id='word_1_135' title='bbox 195 2675 272 2731; x_wconf 86' lang='lat' dir='ltr'><strong>eruit</strong></span> <span class='ocrx_word' id='word_1_136' title='bbox 294 2693 330 2731; x_wconf 84' lang='lat' dir='ltr'><strong>ex</strong></span> <span class='ocrx_word' id='word_1_137' title='bbox 353 2672 418 2732; x_wconf 88' lang='lat' dir='ltr'><strong>cod.</strong></span> <span class='ocrx_word' id='word_1_138' title='bbox 437 2672 473 2744; x_wconf 81' lang='lat' dir='ltr'><strong>A,</strong></span> <span class='ocrx_word' id='word_1_139' title='bbox 497 2673 548 2730; x_wconf 93' lang='lat' dir='ltr'><strong>ubi</strong></span> <span class='ocrx_word' id='word_1_140' title='bbox 570 2675 721 2748; x_wconf 79' lang='lat' dir='ltr'><strong>posterior</strong></span> <span class='ocrx_word' id='word_1_141' title='bbox 743 2690 859 2743; x_wconf 88' lang='lat' dir='ltr'><strong>manus,</strong></span> <span class='ocrx_word' id='word_1_142' title='bbox 882 2670 993 2744; x_wconf 83' lang='lat' dir='ltr'><strong>eedem,</strong></span> <span class='ocrx_word' id='word_1_143' title='bbox 1016 2678 1052 2730; x_wconf 92' lang='lat' dir='ltr'><strong>ut</strong></span> <span class='ocrx_word' id='word_1_144' title='bbox 1073 2673 1201 2746; x_wconf 81' lang='lat' dir='ltr'><strong>videtur,</strong></span> 
     </span>
     <span class='ocr_line' id='line_1_18' title="bbox 75 2773 1203 2853; baseline -0.003 -18"><span class='ocrx_word' id='word_1_145' title='bbox 75 2797 144 2852; x_wconf 77' lang='lat' dir='ltr'><strong>quae</strong></span> <span class='ocrx_word' id='word_1_146' title='bbox 174 2776 314 2834; x_wconf 87' lang='lat' dir='ltr'><strong>Pseudcli</strong></span> <span class='ocrx_word' id='word_1_147' title='bbox 342 2780 548 2850; x_wconf 82' lang='lat' dir='ltr'><strong>argumentum</strong></span> <span class='ocrx_word' id='word_1_148' title='bbox 577 2776 605 2832; x_wconf 94' lang='lat' dir='ltr'><strong>ll</strong></span> <span class='ocrx_word' id='word_1_149' title='bbox 634 2775 766 2853; x_wconf 83' lang='lat' dir='ltr'><strong>scripsit,</strong></span> <span class='ocrx_word' id='word_1_150' title='bbox 799 2773 897 2832; x_wconf 81' lang='lat' dir='ltr'><strong>deleta</strong></span> <span class='ocrx_word' id='word_1_151' title='bbox 927 2775 1027 2850; x_wconf 88' lang='lat' dir='ltr'><strong>priore</strong></span> <span class='ocrx_word' id='word_1_152' title='bbox 1055 2777 1203 2853; x_wconf 76' lang='lat' dir='ltr'><strong>scriptura</strong></span> 
     </span>
     <span class='ocr_line' id='line_1_19' title="bbox 75 2876 992 2955; baseline -0.001 -19"><span class='ocrx_word' id='word_1_153' title='bbox 75 2879 140 2938; x_wconf 73' lang='lat' dir='ltr'><strong>haec</strong></span> <span class='ocrx_word' id='word_1_154' title='bbox 164 2881 305 2951; x_wconf 87' lang='lat' dir='ltr'><strong>exaravit,</strong></span> <span class='ocrx_word' id='word_1_155' title='bbox 330 2896 396 2955; x_wconf 78' lang='lat' dir='ltr'><strong>qua</strong></span> <span class='ocrx_word' id='word_1_156' title='bbox 418 2887 494 2935; x_wconf 78' lang='lat' dir='ltr'><strong>novo</strong></span> <span class='ocrx_word' id='word_1_157' title='bbox 516 2877 608 2936; x_wconf 87' lang='lat' dir='ltr'><strong>litura</strong></span> <span class='ocrx_word' id='word_1_158' title='bbox 630 2878 736 2934; x_wconf 89' lang='lat' dir='ltr'><strong>iterum</strong></span> <span class='ocrx_word' id='word_1_159' title='bbox 760 2876 862 2934; x_wconf 89' lang='lat' dir='ltr'><strong>cedere</strong></span> <span class='ocrx_word' id='word_1_160' title='bbox 885 2879 992 2951; x_wconf 79' lang='lat' dir='ltr'><strong>coegit.</strong></span> 
     </span>
    </p>
   </div>
   <div class='ocr_carea' id='block_1_8' title="bbox 542 3079 745 3086">
    <p class='ocr_par' dir='ltr' id='par_1_8' title="bbox 542 3079 745 3086">
     <span class='ocr_line' id='line_1_20' title="bbox 542 3079 745 3086; baseline 0 0"><span class='ocrx_word' id='word_1_161' title='bbox 542 3079 745 3086; x_wconf 77' lang='lat'><strong>——-—-</strong></span> 
     </span>
    </p>
   </div>
   <div class='ocr_carea' id='block_1_9' title="bbox 76 3218 1207 4219">
    <p class='ocr_par' dir='ltr' id='par_1_9' title="bbox 76 3218 1207 4219">
     <span class='ocr_line' id='line_1_21' title="bbox 165 3218 1202 3279; baseline -0.002 -1"><span class='ocrx_word' id='word_1_162' title='bbox 165 3220 414 3279; x_wconf 84' lang='lat' dir='ltr'><strong>Personarum</strong></span> <span class='ocrx_word' id='word_1_163' title='bbox 442 3221 593 3279; x_wconf 87' lang='lat' dir='ltr'><strong>nomina</strong></span> <span class='ocrx_word' id='word_1_164' title='bbox 626 3221 656 3278; x_wconf 91' lang='lat' dir='ltr'><strong>in</strong></span> <span class='ocrx_word' id='word_1_165' title='bbox 684 3219 739 3278; x_wconf 89' lang='lat' dir='ltr'><strong>bac</strong></span> <span class='ocrx_word' id='word_1_166' title='bbox 771 3219 873 3278; x_wconf 81' lang='lat' dir='ltr'><strong>fabula</strong></span> <span class='ocrx_word' id='word_1_167' title='bbox 900 3218 1115 3278; x_wconf 76' lang='lat' dir='ltr'><strong>dubitationem</strong></span> <span class='ocrx_word' id='word_1_168' title='bbox 1147 3219 1202 3277; x_wconf 84' lang='lat' dir='ltr'><strong>ali·</strong></span> 
     </span>
     <span class='ocr_line' id='line_1_22' title="bbox 77 3321 1203 3400; baseline -0.003 -19"><span class='ocrx_word' id='word_1_169' title='bbox 77 3329 167 3400; x_wconf 87' lang='lat' dir='ltr'><strong>quam</strong></span> <span class='ocrx_word' id='word_1_170' title='bbox 190 3329 352 3382; x_wconf 82' lang='lat' dir='ltr'><strong>moverunt.</strong></span> <span class='ocrx_word' id='word_1_171' title='bbox 403 3322 479 3380; x_wconf 88' lang='lat' dir='ltr'><strong>Nam</strong></span> <span class='ocrx_word' id='word_1_172' title='bbox 508 3323 537 3379; x_wconf 91' lang='lat' dir='ltr'><strong>in</strong></span> <span class='ocrx_word' id='word_1_173' title='bbox 567 3323 655 3380; x_wconf 89' lang='lat' dir='ltr'><strong>titulo</strong></span> <span class='ocrx_word' id='word_1_174' title='bbox 683 3323 786 3399; x_wconf 80' lang='lat' dir='ltr'><strong>prima</strong></span> <span class='ocrx_word' id='word_1_175' title='bbox 809 3342 902 3382; x_wconf 79' lang='lat' dir='ltr'><strong>scenae</strong></span> <span class='ocrx_word' id='word_1_176' title='bbox 925 3341 1040 3381; x_wconf 87' lang='lat' dir='ltr'><strong>sorores</strong></span> <span class='ocrx_word' id='word_1_177' title='bbox 1062 3323 1094 3379; x_wconf 90' lang='lat' dir='ltr'><strong>in</strong></span> <span class='ocrx_word' id='word_1_178' title='bbox 1117 3321 1203 3381; x_wconf 88' lang='lat' dir='ltr'><strong>codd.</strong></span> 
     </span>
     <span class='ocr_line' id='line_1_23' title="bbox 76 3423 1205 3502; baseline -0.002 -18"><span class='ocrx_word' id='word_1_179' title='bbox 76 3425 130 3484; x_wconf 91' lang='lat' dir='ltr'><strong>BD</strong></span> <span class='ocrx_word' id='word_1_180' title='bbox 153 3425 317 3502; x_wconf 76' lang='lat' dir='ltr'><strong>Panegyris</strong></span> <span class='ocrx_word' id='word_1_181' title='bbox 345 3431 375 3483; x_wconf 92' lang='lat' dir='ltr'><strong>et</strong></span> <span class='ocrx_word' id='word_1_182' title='bbox 398 3425 551 3484; x_wconf 85' lang='lat' dir='ltr'><strong>Pinacium</strong></span> <span class='ocrx_word' id='word_1_183' title='bbox 575 3424 728 3500; x_wconf 87' lang='lat' dir='ltr'><strong>dicuntur,</strong></span> <span class='ocrx_word' id='word_1_184' title='bbox 767 3425 797 3483; x_wconf 90' lang='lat' dir='ltr'><strong>in</strong></span> <span class='ocrx_word' id='word_1_185' title='bbox 819 3425 847 3482; x_wconf 82' lang='lat' dir='ltr'>A</span> <span class='ocrx_word' id='word_1_186' title='bbox 869 3423 1042 3482; x_wconf 84' lang='lat' dir='ltr'><strong>Philumena</strong></span> <span class='ocrx_word' id='word_1_187' title='bbox 1069 3429 1098 3481; x_wconf 87' lang='lat' dir='ltr'><strong>et</strong></span> <span class='ocrx_word' id='word_1_188' title='bbox 1120 3424 1205 3482; x_wconf 89' lang='lat' dir='ltr'><strong>Pam·</strong></span> 
     </span>
     <span class='ocr_line' id='line_1_24' title="bbox 77 3526 1203 3606; baseline -0.002 -20"><span class='ocrx_word' id='word_1_189' title='bbox 77 3529 176 3606; x_wconf 87' lang='lat' dir='ltr'><strong>phile,</strong></span> <span class='ocrx_word' id='word_1_190' title='bbox 205 3549 270 3606; x_wconf 79' lang='lat' dir='ltr'><strong>quae</strong></span> <span class='ocrx_word' id='word_1_191' title='bbox 292 3530 411 3587; x_wconf 85' lang='lat' dir='ltr'><strong>nomina</strong></span> <span class='ocrx_word' id='word_1_192' title='bbox 433 3526 611 3586; x_wconf 87' lang='lat' dir='ltr'><strong>Ritschelins</strong></span> <span class='ocrx_word' id='word_1_193' title='bbox 634 3527 695 3585; x_wconf 85' lang='lat' dir='ltr'><strong>illis</strong></span> <span class='ocrx_word' id='word_1_194' title='bbox 718 3526 928 3585; x_wconf 82' lang='lat' dir='ltr'><strong>substituebat.</strong></span> <span class='ocrx_word' id='word_1_195' title='bbox 986 3526 1044 3586; x_wconf 82' lang='lat' dir='ltr'><strong>Sed</strong></span> <span class='ocrx_word' id='word_1_196' title='bbox 1067 3527 1129 3586; x_wconf 81' lang='lat' dir='ltr'><strong>boec</strong></span> <span class='ocrx_word' id='word_1_197' title='bbox 1151 3546 1203 3584; x_wconf 95' lang='lat' dir='ltr'><strong>no·</strong></span> 
     </span>
     <span class='ocr_line' id='line_1_25' title="bbox 78 3623 1205 3707; baseline -0.004 -17"><span class='ocrx_word' id='word_1_198' title='bbox 78 3633 160 3690; x_wconf 88' lang='lat' dir='ltr'><strong>mina</strong></span> <span class='ocrx_word' id='word_1_199' title='bbox 181 3633 263 3690; x_wconf 88' lang='lat' dir='ltr'><strong>nullo</strong></span> <span class='ocrx_word' id='word_1_200' title='bbox 285 3631 344 3690; x_wconf 89' lang='lat' dir='ltr'><strong>alio</strong></span> <span class='ocrx_word' id='word_1_201' title='bbox 367 3632 432 3690; x_wconf 92' lang='lat' dir='ltr'><strong>loco</strong></span> <span class='ocrx_word' id='word_1_202' title='bbox 456 3631 604 3706; x_wconf 85' lang='lat' dir='ltr'><strong>leguntur,</strong></span> <span class='ocrx_word' id='word_1_203' title='bbox 629 3623 840 3707; x_wconf 70' lang='lat' dir='ltr'><strong>Panegyrldis</strong></span> <span class='ocrx_word' id='word_1_204' title='bbox 862 3649 969 3687; x_wconf 91' lang='lat' dir='ltr'><strong>nomen</strong></span> <span class='ocrx_word' id='word_1_205' title='bbox 993 3636 1023 3687; x_wconf 91' lang='lat' dir='ltr'><strong>et</strong></span> <span class='ocrx_word' id='word_1_206' title='bbox 1040 3633 1205 3688; x_wconf 88' lang='lat' dir='ltr'><strong>ceterorum</strong></span> 
     </span>
     <span class='ocr_line' id='line_1_26' title="bbox 78 3731 1205 3810; baseline -0.003 -18"><span class='ocrx_word' id='word_1_207' title='bbox 78 3734 213 3794; x_wconf 89' lang='lat' dir='ltr'><strong>codicum</strong></span> <span class='ocrx_word' id='word_1_208' title='bbox 228 3735 405 3810; x_wconf 29' lang='lat' dir='ltr'><strong>,testimonio</strong></span> <span class='ocrx_word' id='word_1_209' title='bbox 434 3732 607 3791; x_wconf 83' lang='lat' dir='ltr'><strong>defenditur</strong></span> <span class='ocrx_word' id='word_1_210' title='bbox 637 3738 667 3790; x_wconf 89' lang='lat' dir='ltr'><strong>et</strong></span> <span class='ocrx_word' id='word_1_211' title='bbox 694 3735 789 3810; x_wconf 84' lang='lat' dir='ltr'><strong>ipsius</strong></span> <span class='ocrx_word' id='word_1_212' title='bbox 810 3731 997 3790; x_wconf 83' lang='lat' dir='ltr'><strong>Ambrosiani</strong></span> <span class='ocrx_word' id='word_1_213' title='bbox 1024 3735 1085 3790; x_wconf 81' lang='lat' dir='ltr'><strong>tem</strong></span> <span class='ocrx_word' id='word_1_214' title='bbox 1115 3732 1146 3791; x_wconf 89' lang='lat' dir='ltr'><strong>in</strong></span> <span class='ocrx_word' id='word_1_215' title='bbox 1168 3733 1205 3789; x_wconf 92' lang='lat' dir='ltr'><strong>ti·</strong></span> 
     </span>
     <span class='ocr_line' id='line_1_27' title="bbox 78 3834 1207 3912; baseline -0.003 -17"><span class='ocrx_word' id='word_1_216' title='bbox 78 3838 144 3896; x_wconf 89' lang='lat' dir='ltr'><strong>tulo</strong></span> <span class='ocrx_word' id='word_1_217' title='bbox 171 3856 199 3895; x_wconf 86' lang='lat' dir='ltr'><strong>v.</strong></span> <span class='ocrx_word' id='word_1_218' title='bbox 224 3837 284 3895; x_wconf 75' lang='lat'><strong>326</strong></span> <span class='ocrx_word' id='word_1_219' title='bbox 308 3836 469 3912; x_wconf 74' lang='lat' dir='ltr'><strong>preposito</strong></span> <span class='ocrx_word' id='word_1_220' title='bbox 499 3855 587 3912; x_wconf 85' lang='lat' dir='ltr'><strong>quam</strong></span> <span class='ocrx_word' id='word_1_221' title='bbox 619 3836 650 3894; x_wconf 92' lang='lat' dir='ltr'><strong>in</strong></span> <span class='ocrx_word' id='word_1_222' title='bbox 683 3837 748 3912; x_wconf 88' lang='lat' dir='ltr'><strong>ipso</strong></span> <span class='ocrx_word' id='word_1_223' title='bbox 782 3839 924 3893; x_wconf 85' lang='lat' dir='ltr'><strong>contextu</strong></span> <span class='ocrx_word' id='word_1_224' title='bbox 955 3834 1054 3892; x_wconf 87' lang='lat' dir='ltr'><strong>Plauti</strong></span> <span class='ocrx_word' id='word_1_225' title='bbox 1082 3835 1142 3894; x_wconf 79' lang='lat'><strong>249</strong></span> <span class='ocrx_word' id='word_1_226' title='bbox 1178 3840 1207 3892; x_wconf 91' lang='lat' dir='ltr'><strong>et</strong></span> 
     </span>
     <span class='ocr_line' id='line_1_28' title="bbox 81 3936 1206 4013; baseline -0.001 -15"><span class='ocrx_word' id='word_1_227' title='bbox 81 3940 152 3998; x_wconf 81' lang='lat'><strong>332.</strong></span> <span class='ocrx_word' id='word_1_228' title='bbox 206 3937 269 3998; x_wconf 85' lang='lat' dir='ltr'><strong>Nec</strong></span> <span class='ocrx_word' id='word_1_229' title='bbox 291 3958 399 3997; x_wconf 91' lang='lat' dir='ltr'><strong>nomen</strong></span> <span class='ocrx_word' id='word_1_230' title='bbox 421 3939 556 4011; x_wconf 87' lang='lat' dir='ltr'><strong>ignotum</strong></span> <span class='ocrx_word' id='word_1_231' title='bbox 580 3943 640 4012; x_wconf 85' lang='lat' dir='ltr'><strong>est,</strong></span> <span class='ocrx_word' id='word_1_232' title='bbox 671 3939 696 3996; x_wconf 90' lang='lat' dir='ltr'><strong>si</strong></span> <span class='ocrx_word' id='word_1_233' title='bbox 719 3937 838 4013; x_wconf 87' lang='lat' dir='ltr'><strong>quidem</strong></span> <span class='ocrx_word' id='word_1_234' title='bbox 866 3937 896 3994; x_wconf 90' lang='lat' dir='ltr'><strong>in</strong></span> <span class='ocrx_word' id='word_1_235' title='bbox 926 3937 1023 3996; x_wconf 83' lang='lat' dir='ltr'><strong>titulis</strong></span> <span class='ocrx_word' id='word_1_236' title='bbox 1052 3936 1206 3997; x_wconf 86' lang='lat' dir='ltr'><strong>navalibus</strong></span> 
     </span>
     <span class='ocr_line' id='line_1_29' title="bbox 79 4033 1207 4124; baseline -0.003 -24"><span class='ocrx_word' id='word_1_237' title='bbox 79 4042 188 4100; x_wconf 80' lang='lat' dir='ltr'><strong>Atticis</strong></span> <span class='ocrx_word' id='word_1_238' title='bbox 220 4042 352 4099; x_wconf 85' lang='lat' dir='ltr'><strong>triremis</strong></span> <span class='ocrx_word' id='word_1_239' title='bbox 391 4042 433 4099; x_wconf 91' lang='lat' dir='ltr'><strong>sic</strong></span> <span class='ocrx_word' id='word_1_240' title='bbox 471 4040 622 4118; x_wconf 87' lang='lat' dir='ltr'><strong>appellata</strong></span> <span class='ocrx_word' id='word_1_241' title='bbox 659 4041 819 4124; x_wconf 87' lang='lat' dir='ltr'><strong>invenitur.</strong></span> <span class='ocrx_word' id='word_1_242' title='bbox 894 4038 1005 4098; x_wconf 84' lang='lat' dir='ltr'><strong>Contra</strong></span> <span class='ocrx_word' id='word_1_243' title='bbox 1039 4033 1207 4100; x_wconf 75' lang='lat' dir='ltr'><strong>Pinacium</strong></span> 
     </span>
     <span class='ocr_line' id='line_1_30' title="bbox 80 4143 1207 4219; baseline -0.001 -17"><span class='ocrx_word' id='word_1_244' title='bbox 80 4145 203 4202; x_wconf 85' lang='lat' dir='ltr'><strong>alteriue</strong></span> <span class='ocrx_word' id='word_1_245' title='bbox 231 4144 342 4203; x_wconf 88' lang='lat' dir='ltr'><strong>eororis</strong></span> <span class='ocrx_word' id='word_1_246' title='bbox 372 4163 479 4202; x_wconf 89' lang='lat' dir='ltr'><strong>nomen</strong></span> <span class='ocrx_word' id='word_1_247' title='bbox 514 4160 576 4201; x_wconf 90' lang='lat' dir='ltr'><strong>esse</strong></span> <span class='ocrx_word' id='word_1_248' title='bbox 609 4161 668 4200; x_wconf 91' lang='lat' dir='ltr'><strong>non</strong></span> <span class='ocrx_word' id='word_1_249' title='bbox 700 4147 816 4219; x_wconf 81' lang='lat' dir='ltr'><strong>potest3</strong></span> <span class='ocrx_word' id='word_1_250' title='bbox 850 4143 892 4200; x_wconf 85' lang='lat' dir='ltr'><strong>sic</strong></span> <span class='ocrx_word' id='word_1_251' title='bbox 925 4143 1003 4200; x_wconf 92' lang='lat' dir='ltr'><strong>enim</strong></span> <span class='ocrx_word' id='word_1_252' title='bbox 1033 4144 1207 4202; x_wconf 82' lang='lat' dir='ltr'><strong>nominatur</strong></span> 
     </span>
    </p>
   </div>
   <div class='ocr_carea' id='block_1_10' title="bbox 80 4243 1207 4425">
    <p class='ocr_par' dir='ltr' id='par_1_10' title="bbox 80 4243 1207 4425">
     <span class='ocr_line' id='line_1_31' title="bbox 80 4243 1207 4324; baseline -0.002 -20"><span class='ocrx_word' id='word_1_253' title='bbox 80 4266 157 4324; x_wconf 88' lang='lat' dir='ltr'><strong>puer</strong></span> <span class='ocrx_word' id='word_1_254' title='bbox 179 4265 207 4305; x_wconf 86' lang='lat' dir='ltr'><strong>v.</strong></span> <span class='ocrx_word' id='word_1_255' title='bbox 233 4247 309 4318; x_wconf 79' lang='lat'><strong>280,</strong></span> <span class='ocrx_word' id='word_1_256' title='bbox 341 4247 418 4320; x_wconf 82' lang='lat'><strong>284,</strong></span> <span class='ocrx_word' id='word_1_257' title='bbox 450 4247 526 4317; x_wconf 75' lang='grc'><strong>080,</strong></span> <span class='ocrx_word' id='word_1_258' title='bbox 562 4246 639 4318; x_wconf 89' lang='grc'><strong>331,</strong></span> <span class='ocrx_word' id='word_1_259' title='bbox 669 4245 745 4318; x_wconf 87' lang='grc'><strong>333,</strong></span> <span class='ocrx_word' id='word_1_260' title='bbox 781 4245 856 4316; x_wconf 87' lang='grc'><strong>335,</strong></span> <span class='ocrx_word' id='word_1_261' title='bbox 886 4249 922 4302; x_wconf 91' lang='lat' dir='ltr'><strong>ut</strong></span> <span class='ocrx_word' id='word_1_262' title='bbox 949 4243 986 4301; x_wconf 93' lang='lat' dir='ltr'><strong>de</strong></span> <span class='ocrx_word' id='word_1_263' title='bbox 1016 4264 1051 4303; x_wconf 92' lang='lat' dir='ltr'><strong>eo</strong></span> <span class='ocrx_word' id='word_1_264' title='bbox 1074 4244 1207 4302; x_wconf 88' lang='lat' dir='ltr'><strong>dubitari</strong></span> 
     </span>
     <span class='ocr_line' id='line_1_32' title="bbox 80 4343 1204 4425; baseline -0.004 -17"><span class='ocrx_word' id='word_1_265' title='bbox 80 4369 140 4408; x_wconf 89' lang='lat' dir='ltr'><strong>non</strong></span> <span class='ocrx_word' id='word_1_266' title='bbox 172 4349 285 4425; x_wconf 88' lang='lat' dir='ltr'><strong>possit,</strong></span> <span class='ocrx_word' id='word_1_267' title='bbox 321 4367 387 4406; x_wconf 84' lang='lat' dir='ltr'><strong>nam</strong></span> <span class='ocrx_word' id='word_1_268' title='bbox 422 4347 500 4424; x_wconf 90' lang='lat' dir='ltr'><strong>quod</strong></span> <span class='ocrx_word' id='word_1_269' title='bbox 534 4347 684 4405; x_wconf 88' lang='lat' dir='ltr'><strong>interdum</strong></span> <span class='ocrx_word' id='word_1_270' title='bbox 713 4366 806 4424; x_wconf 82' lang='lat' dir='ltr'><strong>prave</strong></span> <span class='ocrx_word' id='word_1_271' title='bbox 837 4343 1029 4419; x_wconf 82' lang='lat' dir='ltr'><strong>„Dinacium“</strong></span> <span class='ocrx_word' id='word_1_272' title='bbox 1054 4346 1204 4418; x_wconf 89' lang='lat' dir='ltr'><strong>scribitur,</strong></span> 
     </span>
    </p>
   </div>
   <div class='ocr_carea' id='block_1_11' title="bbox 0 0 1473 4998">
    <p class='ocr_par' dir='ltr' id='par_1_11' title="bbox 0 0 1473 4998">
     <span class='ocr_line' id='line_1_33' title="bbox 0 0 1473 4998; baseline 0 0"><span class='ocrx_word' id='word_1_273' title='bbox 0 0 1473 4998; x_wconf 95' lang='lat' dir='ltr'><strong> </strong></span> 
     </span>
    </p>
   </div>
  </div>
 </body>
</html>
