3002 5000
89 481 127 549 lv,
144 488 170 550 4,
188 485 274 538 4—13
603 485 695 540 Persa.
1163 495 1199 553 51

539 675 745 741 Dordalus

87 781 177 848 Haud
200 784 293 866 potui
315 783 415 848 etiam
438 785 470 848 in
494 786 598 866 primo
623 783 723 849 uerbo
747 785 930 867 perspicere
954 785 1159 870 sapientiam.

527 937 577 1002 Sc
609 937 758 1002 aristio

86 1045 164 1123 Quid
187 1046 232 1124 id,
256 1045 343 1130 quod
367 1045 504 1110 uidisti?
527 1052 565 1111 ut
581 959 763 1112 iuuenilem
787 1067 879 1112 muro
901 1046 963 1112 tibi
985 1025 1092 1114 uisum
1110 1048 1202 1133 oppi-

794 1155 893 1220 dum?
1152 1173 1204 1228 seo

583 1295 652 1364 Uir
657 1318 702 1380 po

86 1405 114 1470 Si
134 1406 262 1473 incolae
286 1406 368 1472 bene
391 1412 467 1472 eunt
489 1407 618 1486 morati,
642 1405 756 1488 pulcre
779 1408 955 1471 moenitum
978 1407 1130 1474 arbitror.

85 1514 220 1580 Perfidia
242 1521 276 1580 et
298 1514 470 1598 peculatus
494 1535 532 1580 ex
554 1514 635 1580 urbe
659 1519 692 1578 et
714 1516 856 1580 auaritia
879 1518 907 1581 si
930 1515 1090 1594 exsulent,

86 1623 206 1702 Quarta
228 1622 362 1702 inuidia,
385 1624 502 1706 quinta
524 1622 670 1702 ambitio,
694 1629 788 1688 sexta
810 1622 1021 1702 obtrectatio,

86 1731 260 1815 Septimum
282 1731 472 1814 periurium,

558 1873 725 1939 Toxilus

513 1983 613 2065 Euge.

586 2136 705 2218 Uirpo

653 2245 780 2312 Octaua
802 2244 1019 2326 indiligentia,
1154 2263 1204 2315 554

88 2356 176 2424 Nona
185 2357 315 2434 iniuria,
334 2354 512 2433 decumum,
533 2353 622 2438 quod
635 2375 823 2437 pessumum
835 2353 993 2435 adgressa
1008 2360 1067 2434 est,
1087 2354 1202 2434 scelus,

88 2463 172 2532 Haec
193 2466 279 2532 unde
302 2465 451 2541 aberunt,
476 2483 515 2528 ea
534 2459 606 2526 urbs
624 2463 769 2527 moenita
786 2482 878 2528 muro
897 2468 949 2528 sat
967 2463 1031 2528 erit
1048 2463 1204 2548 simplici,

90 2573 149 2639 Ubi
164 2574 312 2655 aderunt,
335 2569 541 2654 centumplex
563 2591 674 2636 murus
696 2571 795 2635 rebus
817 2571 990 2636 seruandis
1009 2593 1123 2656 parum
1144 2579 1202 2636 est.

560 2723 729 2789 Toxilus

92 2811 168 2891 Quid
190 2815 240 2880 ais
264 2767 324 2879 tui?

540 2941 747 3008 Dordalus

349 3051 434 3130 Quid
456 3052 534 3117 nia?

561 3192 725 3258 Toxilus

573 3302 622 3367 Tu
644 3304 677 3366 in
700 3301 766 3366 illis
788 3323 823 3368 es
846 3301 958 3370 decem
980 3291 1163 3378 sodalibus3

94 3409 131 3478 l'e
149 3415 181 3480 in
203 3413 354 3480 exsilium
376 3413 424 3478 ire
447 3411 523 3476 hinc
545 3417 685 3494 oportet.

541 3563 746 3631 Dordalus

676 3672 762 3751 Quid
784 3672 875 3738 iam?

561 3827 732 3894 Toaeiluo

877 3909 961 3987 Quia
983 3910 1133 3992 periurus
1156 3929 1202 3974 es.

96 4027 284 4038 *Q—

169 4116 217 4169 ele
233 4109 412 4184 perficeret)
513 4109 564 4162 550
580 4107 719 4162 munitum
822 4103 943 4157 uisumst
1042 4101 1157 4170 opidum
1175 4100 1203 4155 Β

98 4197 139 4250 551
154 4201 286 4254 monitum
372 4197 423 4250 552
440 4193 550 4250 Perfida
566 4193 594 4248 Β
679 4193 730 4246 555
747 4188 896 4258 adgressus
915 4187 981 4244 celis
1000 4187 1040 4256 B,
1068 4186 1203 4256 &greum

100 4281 215 4338 seelmG
296 4283 416 4338 556-57
432 4279 508 4334 Haec
527 4279 602 4334 unde
620 4279 746 4344 aberunt,
765 4274 914 4343 centuplex
930 4291 1025 4328 murus
1044 4273 1128 4326 rebus
1147 4288 1202 4326 ser·

100 4367 188 4423 medie
202 4387 297 4438 purum
316 4368 354 4423 sit
372 4366 424 4422 Bc
489 4367 540 4420 557
558 4363 612 4420 Ubi
631 4380 664 4418 aa
682 4363 803 4418 aberunt
819 4359 846 4414 A
914 4357 1070 4415 murumA

966 4468 999 4524 4*
