2930 5002
121 504 162 570 II,
180 507 206 572 3,
223 507 317 570 ’le-4,
335 507 353 558 'i
629 505 750 560 Rudent.
1184 514 1242 574 lll

119 694 276 776 Timidae,
300 697 436 780 egentis,
460 695 588 774 auidae,
612 697 746 776 eiectae,
769 698 974 774 exanimatae

117 804 259 887 Accepit
281 803 324 870 ad
346 826 426 884 sese,
449 804 537 871 haud
560 826 654 870 secus
677 826 776 889 quam
799 807 827 870 ai
850 827 890 870 ex
913 827 947 872 ee
970 807 1070 870 simus
1093 811 1201 872 natae.

117 911 166 977 Ut
188 933 286 996 eapse
310 915 477 979 succincta
499 934 618 997 aquam
642 913 826 994 calefactat,
850 920 887 978 ut
908 914 1068 979 lauemue.

117 1021 230 1102 Nunc,
265 1043 305 1087 ne
328 1042 439 1088 morae
461 1021 510 1087 illi
532 1023 609 1101 sim,
643 1029 752 1106 petam
775 1023 852 1087 hinc
881 1044 1016 1107 aquam,
1050 1021 1136 1088 uude
1165 1022 1271 1087 mihi·

838 1132 1023 1216 imperauit.
1195 1147 1247 1202 409

118 1239 224 1320 Heus,
247 1241 341 1325 ecqui
364 1241 397 1305 in
421 1239 558 1306 uillast?
582 1241 694 1323 ecquis
716 1239 780 1306 hoc
796 1239 961 1305 recludit?
984 1241 1096 1325 ecquis
1112 1239 1245 1326 prodit?

382 1571 659 1639 SOEPARNIO.
705 1571 987 1640 AMPELISOA.

575 1745 602 1810 S
609 1765 646 1809 ce
678 1747 792 1811 araia

116 1853 203 1932 Quis
225 1857 285 1929 eet,
309 1855 365 1937 qui
387 1855 509 1921 nostris
530 1860 598 1920 tam
621 1766 774 1938 prpdterue
796 1852 921 1920 foribus
943 1853 1023 1921 facit
1044 1857 1218 1924 iniuriam?

567 1991 800 2073 Ampelisca

116 2099 195 2184 Ego
218 2121 300 2166 eum.

574 2210 793 2291 Sceparnio

270 2319 363 2399 Hem,
387 2318 465 2404 quid
488 2320 551 2385 hoc
574 2319 652 2387 boui
675 2321 747 2386 est?
791 2321 842 2386 Eu
864 2320 983 2405 edepol
1004 2322 1113 2406 specie
1134 2321 1247 2407 lepida

837 2429 1012 2496 mulierem.

570 2548 798 2629 Ampelisca

115 2655 232 2736 Salue,
254 2655 456 2724 adulescens.

478 2819 482 2826 -
572 2776 790 2857 Sceparnio

460 2949 464 2956 .
495 2886 539 2952 Et
561 2893 598 2952 tu
620 2887 759 2953 multum
782 2887 920 2968 calueto,
942 2886 1200 2954 adulescentula.

568 3024 799 3106 Ampelisca

115 3133 172 3200 Ad
194 3155 255 3201 uae
276 3135 383 3202 uenio.

573 3243 792 3325 Sceparnio

418 3352 586 3436 Accipiam
608 3353 763 3437 hospitio,
785 3355 813 3418 si
836 3373 911 3418 mox
934 3353 1054 3418 uenies.
1111 3351 1247 3436 Uespem'

116 3459 244 3524 lteram
257 3460 321 3525 huc
334 3459 463 3526 adfecta
476 3463 581 3541 uiam3
603 3483 690 3528 nuuc
706 3463 790 3527 nihil
809 3467 860 3527 eet
879 3461 935 3546 qui
952 3469 986 3527 te
997 3483 1174 3528 muneram.
1192 3478 1245 3532 415

120 3567 188 3634 Sed
211 3569 292 3652 qaid
314 3570 374 3650 ais,
398 3591 470 3635 mea
493 3570 604 3653 lepida
625 3569 754 3635 hilara?

506 3770 514 3784 ‚
568 3714 795 3793 Ampelisca

797 3821 856 3902 Ah,
879 3823 1015 3888 nimium
1038 3822 1245 3890 familiariter

117 3906 172 3973 Me
195 3913 364 3974 attrectas.

204 4148 417 4216 satagentem
494 4149 545 4202 407
563 4147 676 4218 Accipit
753 4151 784 4201 at
801 4145 829 4199 B
910 4150 961 4202 408
980 4164 1013 4202 ea
1031 4166 1081 4218 epe
1100 4149 1244 4203 succincta

115 4236 168 4288 409
185 4250 269 4288 mora
285 4233 312 4286 Β
395 4235 447 4288 410
464 4233 539 4288 Heus
559 4236 653 4303 ecquis
672 4234 701 4287 in
782 4236 834 4287 412
852 4233 951 4288 mulier
1037 4237 1089 4288 414
1107 4235 1185 4289 uenia
1203 4235 1237 4302 B,

118 4337 209 4375 uenae
229 4336 290 4376 mem
308 4319 443 4374 lamnuO
480 4320 531 4373 415
549 4319 621 4373 Item
642 4325 673 4373 ut
687 4319 826 4374 adfectam
839 4337 904 4374 nam
919 4338 994 4375 aune
1008 4320 1078 4374 nihil
1094 4324 1138 4374 eet
1153 4320 1200 4389 qui
1215 4327 1243 4373 te

116 4422 244 4466 manem
261 4413 326 4474 poet
343 4421 402 4474 poa
419 4406 547 4460 lamnam
561 4404 702 4461 indicato
749 4406 801 4458 416
819 4405 951 4460 ahenimu
1002 4407 1053 4459 417
1071 4403 1248 4459 adtrectari)
