2920 4998
538 502 568 554 6.
587 503 729 556 aer-aea.
1132 506 1198 566 533

73 695 361 766 „vetustissimi
386 696 486 753 anclor
513 713 568 771 pro
598 691 714 753 anclo“.
769 695 826 754 ssd
847 695 975 754 Nouius:
1013 697 1200 770 „exanclauit

69 794 207 855 merum“
233 800 340 856 omisso
362 793 465 870 „suh“‚
489 797 609 874 quodsi
630 817 732 856 varum
758 803 850 870 esset,
883 797 1033 872 „noctem“
1061 809 1112 856 aut
1134 819 1200 872 „ce-

70 895 163 956 nam“
189 902 272 976 sequi
296 899 432 958 debebat.
477 899 554 958 Edd.
571 919 631 959 uuo
649 901 739 959 verbo
754 895 972 976 „submerum“,
993 902 1045 959 sed
1065 900 1198 960 deminu-

72 1001 145 1059 endi
168 1002 251 1060 nulla
275 1023 364 1060 causa
387 1005 511 1079 cogitari
535 1007 650 1080 potest;
684 1023 785 1062 servus
809 1024 845 1060 ex
868 985 940 1062 cado
965 1024 1075 1060 merum
1100 1006 1200 1061 vinum

70 1105 205 1164 furatur.
249 1105 354 1182 Itaque
376 1099 438 1163 sihi
460 1107 574 1182 scripsi.

163 1209 233 1265 274.
267 1207 398 1266 Titulum
423 1227 458 1265 ex
480 1207 506 1265 A
529 1205 607 1264 dedi.
652 1206 803 1265 Pinacium
833 1227 938 1265 servus
967 1211 1096 1284 apertu
1119 1209 1201 1264 venit

70 1309 142 1367 laeto
167 1313 284 1380 nuntio,
309 1330 395 1387 quem
417 1312 484 1384 fert,
505 1311 611 1387 plenus
636 1315 666 1366 et
689 1309 873 1387 superbiens.
919 1309 1071 1366 Canticum
1095 1307 1198 1364 iambi·

71 1433 151 1484 cum,
171 1414 327 1470 maximam
338 1419 455 1489 partem
468 1413 629 1470 octonariis
646 1415 800 1489 scriptum,
819 1411 869 1469 sed
888 1412 1037 1470 interdum
1055 1409 1200 1468 similibus

69 1517 206 1573 numeris
235 1517 445 1592 interruptum.
501 1518 561 1574 274
592 1518 733 1576 iambicus
764 1515 944 1574 octonarius.
1001 1515 1060 1572 275
1096 1513 1200 1571 similis

71 1618 272 1694 hypermeter.
329 1619 473 1676 276-77
507 1619 650 1678 trochaici
683 1618 837 1700 octonarii.
900 1617 1045 1674 278-80
1079 1616 1198 1673 iambici

72 1721 220 1778 octonarii
244 1719 302 1778 duo
324 1739 390 1777 cum
409 1723 586 1796 septenario.
623 1723 681 1780 281
707 1719 991 1779 iamhoctonarius.
1027 1720 1087 1776 282
1112 1717 1199 1776 iamb.

73 1821 212 1879 dimeter.
260 1823 403 1882 283-92
428 1822 546 1881 iambici
569 1825 715 1882 octonarii
740 1843 804 1881 cum
827 1823 999 1898 septenario
1018 1814 1056 1893 (si
1080 1821 1199 1896 quidem

72 1943 139 1982 oum
165 1925 351 1982 antecedenti
374 1922 586 2002 coniungitur).
628 1929 688 1985 293
711 1925 881 1983 trochaicus
900 1926 1095 1999 septenarius.
1137 1923 1198 1980 294

72 2028 160 2084 -99
183 2027 302 2085 iambici
324 2030 477 2086 octonarii.
524 2030 584 2086 300
607 2028 697 2086 iamb.
722 2031 865 2086 senarius.
918 2027 976 2084 301
1007 2025 1095 2083 iamb.
1119 2029 1200 2082 octo·

72 2131 185 2188 narius.
232 2131 292 2188 302
315 2131 481 2188 trochaicus
504 2132 685 2190 octonarius.
732 2133 855 2188 303-8
879 2129 998 2187 iambici
1022 2128 1178 2185 octonarii.

162 2233 233 2290 274.
267 2231 407 2290 Divinum
430 2250 551 2308 prorsus
574 2233 715 2310 gandium
740 2251 844 2292 servus
868 2253 899 2290 se
918 2230 1024 2289 afferre
1044 2231 1124 2301 dicit,
1148 2249 1201 2286 nec

72 2333 140 2393 Iovi
178 2335 236 2412 ipsi
270 2333 450 2393 Mercurium
489 2334 633 2394 laetiorem
671 2355 811 2413 umquam
846 2341 1022 2411 apportasse
1054 2333 1201 2390 nuntium.

65 2430 262 2512 perbihetur,
287 2435 404 2510 dicitur,
428 2458 455 2496 v.
479 2437 517 2495 ad
540 2438 618 2496 Men.
644 2439 714 2496 260.
737 2467 778 2476 -
803 2450 1022 2514 usquequam,
1053 2435 1088 2492 of.
1112 2433 1199 2512 Epid.

73 2541 146 2599 308.
180 2539 244 2597 Mil.
269 2541 340 2598 467.
385 2539 487 2599 Livius
510 2541 627 2619 saepius.
650 2569 691 2579 -
715 2541 774 2598 275
801 2545 835 2596 ut
858 2538 1010 2612 legitimus
1033 2539 1200 2595 octonarius

71 2640 139 2714 fiat,
172 2641 207 2700 R.
231 2646 360 2719 transp.:
397 2663 497 2716 „meae
525 2641 669 2700 nuntiabo
696 2637 795 2699 erae“.
851 2640 1082 2717 Hypermetrum
1109 2659 1199 2724 agno·

72 2749 184 2803 verunt
211 2745 371 2804 Hermann.
402 2750 432 2802 et
453 2745 611 2822 Kiessling.
635 2743 701 2802 Ind.
725 2743 892 2821 Gryphiew.
920 2744 999 2801 1878
1022 2762 1053 2818 p.
1080 2743 1133 2811 ll,
1166 2746 1201 2799 ut

72 2849 153 2906 infra
180 2849 255 2921 291,
289 2868 316 2906 v.
340 2847 457 2923 Proleg.
481 2869 509 2924 p.
537 2849 614 2922 186;
648 2847 700 2904 sed
730 2847 776 2904 illi
804 2851 934 2922 tranep.:
972 2863 1059 2916 „erae
1083 2839 1199 2914 meae“;

76 2970 131 3026 ego
157 2951 290 3008 codicum
319 2951 497 3027 scripturam
522 2949 630 3026 reliqui
654 2969 719 3007 curu
741 2949 824 3008 hiatu
846 2953 915 3025 post
938 2961 1040 3023 66666.
1066 2973 1105 2984 --
1129 2945 1200 3003 276.

73 3047 195 3128 Itaque,
218 3073 245 3110 v.
270 3053 307 3112 ad
323 3052 406 3112 Pers.
421 3054 492 3111 486.
515 3081 557 3092 -
580 3047 728 3124 lubentia,
752 3052 788 3110 cf.
813 3050 850 3110 ed
867 3051 949 3108 Asin.
968 3051 1039 3108 266.
1065 3077 1100 3087 -
1129 3048 1199 3105 278.

75 3154 119 3212 cf.
146 3153 208 3213 Mil.
239 3157 299 3214 657
329 3175 373 3231 sq.
411 3185 447 3194 -
485 3156 556 3213 279.
593 3149 768 3232 „Ripisque
804 3153 947 3229 superat,
982 3153 1066 3228 quasi
1094 3149 1202 3208 fluvius

77 3253 247 3316 exundans“
272 3256 386 3333 Lamb,
410 3259 462 3335 qui
486 3253 604 3333 „ripas“
629 3257 733 3331 voluit,
765 3277 852 3334 quem
876 3275 975 3314 casum
999 3254 1122 3312 verbum
1144 3250 1201 3310 sibi

78 3358 239 3435 adiungere
263 3361 346 3419 solet.
399 3361 443 3419 Cf.
467 3360 505 3418 ad
527 3359 635 3436 Amph.
661 3362 731 3418 792.
755 3388 798 3399 -
826 3361 897 3417 286.
931 3351 1074 3432 Propera
1098 3357 1136 3428 A,
1166 3359 1202 3413 ut

75 3464 135 3520 iam
169 3462 332 3536 Acidalius,
367 3482 425 3538 quo
460 3468 582 3521 auctore
616 3463 651 3522 R.
681 3464 769 3520 etiam
803 3462 881 3521 hune
913 3480 1033 3520 versum
1065 3460 1200 3536 proximo

75 3567 262 3642 postposuit,
295 3567 345 3623 vix
367 3570 455 3624 recte.
510 3565 545 3622 V.
571 3567 630 3624 281
663 3567 749 3641 quasi
779 3585 834 3641 per
859 3563 1053 3640 parenthesin
1080 3561 1202 3619 additur

76 3687 129 3726 nec
152 3667 277 3743 impedit
300 3671 459 3744 quominus
481 3669 656 3742 iungantur:
691 3663 823 3726 honesta
846 3663 927 3725 dicta
956 3657 1051 3737 factis
1075 3676 1201 3738 eratque

77 3764 180 3844 eystett
200 3762 342 3828 subuerti.
371 3799 414 3808 --
442 3771 513 3828 282.
548 3766 653 3846 eycnta'
681 3773 711 3828 iu
734 3769 760 3827 Α
782 3769 873 3826 luisse
902 3767 1030 3825 videtur.
1077 3766 1148 3836 Qus
1171 3767 1202 3823 in

77 3871 161 3929 codd.
187 3871 312 3931 dimetro
335 3872 495 3945 adduntur,
518 3877 619 3949 aperte
643 3873 718 3929 salsa
740 3877 825 3943 suut,
849 3870 885 3929 cl.
911 3872 981 3928 303.
1037 3862 1200 3926 Bitschelio

78 3973 159 4031 aliud
182 3973 398 4032 hemistichium
421 3972 571 4051 pepulisse
593 3973 786 4047 addebantur,
815 3973 910 4030 velut:
944 3971 1125 4042 „benefactis
1150 3969 1200 4028 ad·

78 4077 140 4134 iota
162 4095 225 4133 eam
248 4071 337 4135 tois“.
366 4105 408 4114 -
438 4077 509 4134 283.
544 4071 580 4133 ia
602 4070 833 4150 exspectatione
855 4079 890 4134 A.
937 4069 1118 4147 aduentam,
1153 4071 1200 4131 ob·

79 4178 186 4236 iectum
209 4180 377 4237 accusativo
400 4199 470 4236 casu
492 4177 626 4236 additum
648 4177 835 4236 substantivo
857 4177 988 4248 verbali,
1017 4197 1044 4234 v.
1070 4174 1107 4232 ud
1129 4172 1199 4233 Aul.

82 4281 151 4338 194.
184 4279 290 4357 Amph.
311 4283 382 4340 515.
417 4281 516 4339 Dousa
537 4276 720 4353 „aduentus“
742 4300 797 4338 em.
821 4309 863 4320 —
888 4281 957 4339 284.
985 4275 1199 4353 „amet“omisi

81 4400 145 4439 cum
167 4381 295 4458 Bergkio
317 4381 459 4440 Zeitschr.
484 4383 504 4440 f.
527 4382 589 4441 Alt.
615 4383 694 4440 1855
718 4404 748 4460 p.
774 4384 843 4441 299.
888 4382 939 4442 R.:
977 4381 1093 4455 „uirum
1122 4383 1201 4436 amat
