2898 4996
49 494 69 558 l,
87 494 111 560 2,
129 492 236 546 el—ea
520 491 706 547 Trinummus.

46 683 81 746 ln
104 680 245 747 eandem
268 686 339 746 tute
363 681 538 746 accederes
561 682 727 747 infamiam

45 790 236 874 Melumque
258 798 296 854 ut
317 791 388 854 eius
411 811 486 854 cum
508 797 565 854 tuo
590 791 742 856 misceres
767 793 862 858 malo.

515 932 706 1000 Callicles

45 1041 130 1119 Quid
156 1040 242 1106 leci?

462 1162 749 1244 Meyaroaides

284 1271 377 1349 Quod
399 1270 497 1335 homo
519 1291 670 1353 nequam.

513 1413 705 1480 Callicles

712 1523 785 1588 Non
807 1525 894 1589 istuc
916 1547 1023 1590 meum
1046 1533 1106 1592 est.

468 1642 749 1724 Meyaroaides

44 1752 186 1816 Emistin
209 1751 249 1815 de
272 1750 482 1815 adulescente
505 1751 599 1816 hasce
620 1753 711 1816 aedis
735 1788 776 1798 -
800 1751 878 1836 quid
901 1755 1014 1819 taces?
1035 1790 1078 1800 -
1120 1773 1167 1826 125

46 1859 107 1925 Ubi
131 1880 221 1924 nunc
242 1863 315 1924 tute
338 1860 492 1925 habitas?

513 1979 704 2044 Callicles
732 2015 738 2027 ·

528 2088 600 2152 Emi
623 2094 722 2171 atque
746 2095 917 2172 argentum
941 2090 1027 2172 dedi,

42 2199 154 2263 Minas
177 2196 407 2280 quadraginta,
431 2196 635 2262 adulescenti
659 2198 722 2281 ipsi
745 2199 777 2262 in
800 2220 941 2264 manum.
1043 2291 1047 2301 ¹

460 2341 747 2423 Meyaronides

43 2449 196 2514 Dedistin
219 2449 413 2529 argentum?

514 2569 705 2636 Callicles

328 2757 333 2765 Ι
455 2679 601 2758 Factum,
624 2701 729 2763 neque
752 2679 834 2746 facti
856 2682 955 2764 piget.

465 2820 748 2904 Meyaroaidcs

43 2931 172 3016 Edepol
193 2931 258 2996 fide
281 2931 526 2996 adulescentem
551 2931 739 2995 mandatum
764 2933 880 2998 malae.

44 3041 211 3105 Dedistine
234 3041 407 3106 hoc·factc
431 3041 460 3118 ei
484 3039 640 3120 gladium,
663 3041 719 3124 qui
743 3062 778 3105 se
801 3041 989 3106 occideret?
1120 3063 1169 3114 130

45 3149 131 3225 Quid
155 3170 248 3214 secus
271 3155 324 3213 est
347 3154 404 3213 ant
427 3148 505 3232 quid
528 3149 675 3227 interest,
700 3150 778 3214 dare
801 3150 833 3214 in
856 3157 889 3214 te
912 3171 1029 3216 manns

45 3259 222 3340 Argentum
247 3259 372 3322 amanti
396 3256 518 3320 homini
542 3256 754 3336 adulescenti,
778 3260 877 3322 animi
899 3259 1016 3343 inpoti,

45 3368 107 3444 Qui
130 3365 362 3432 exaedificaret
384 3387 476 3430 suam
500 3365 687 3430 inchoatam
711 3368 899 3448 ignauiam?

510 3507 704 3574 Callicles

46 3620 118 3683 Non
140 3639 198 3701 ego
221 3619 271 3682 illi
294 3622 466 3698 argentum
489 3617 680 3683 redderem?

463 3760 746 3842 Meyaroaides

712 3869 786 3935 Non
809 3869 974 3950 redderes,

48 3977 156 4062 Neque
178 3979 220 4044 de
242 3978 299 4042 illo
323 3978 499 4061 quiequam
522 3997 627 4060 neque
651 3998 774 4042 emeres
798 3999 904 4061 neque
927 3979 1096 4059 uenderes,
1117 3997 1166 4049 135

54 4137 245 4144 ———-—-

133 4221 180 4271 125
196 4215 379 4272 HemistinC
450 4216 499 4270 hes
518 4216 602 4270 aedes
679 4219 728 4269 127
746 4218 912 4286 quas-aginta
930 4218 957 4271 B
1033 4219 1082 4272 129
1100 4217 1164 4271 fidei
1202 4241 1204 4246 ·

51 4305 96 4354 131
117 4308 221 4357 secutus
310 4303 358 4355 132
376 4299 492 4356 hominu
511 4301 534 4356 C
616 4303 710 4371 apati
728 4318 806 4358 carr.
825 4305 925 4373 impoti
943 4303 984 4372 B,
1009 4305 1125 4375 iempoti
1145 4304 1168 4360 C

52 4388 102 4439 133
118 4387 254 4456 ignauiam
326 4389 374 4442 134
392 4392 539 4456 argentum
555 4387 673 4442 reddere
693 4388 716 4443 C
