2928 4996
265 498 327 558 612
555 465 561 478 ⁵
725 492 919 547 Truculentns.

268 680 456 746 translatum
478 679 544 746 tec
575 715 615 727 -
646 689 693 745 12.
723 681 910 746 nomen-otei
932 684 979 744 est
999 683 1045 742 ed.
1069 704 1114 762 pr.
1139 714 1182 725 -·
1214 683 1260 742 14.
1291 681 1378 754 „suo''¹

265 790 323 849 del.
347 789 484 848 Weisius.
515 817 551 830 —
587 791 632 847 15.
667 784 825 868 reliquum
852 789 898 848 ed.
929 807 989 864 pr.;
1024 786 1278 865 quadrisyllabum
1306 787 1382 863 spnd

265 892 413 967 Plautum,
436 912 464 950 v.
488 889 526 949 ed
548 892 631 951 Asin.
655 893 722 952 231.
744 895 853 951 -19,
877 889 1005 951 sumat
1026 889 1128 962 wele,
1151 889 1189 948 ci.
1212 889 1287 948 Rud
1307 889 1380 947 034:

270 995 455 1068 „Gonuorret
482 994 541 1052 ism
569 994 617 1053 bic
644 1013 690 1052 nse
716 1000 813 1055 totum
843 1013 907 1054 cum
938 987 1137 1073 puluisculo“.
1159 1023 1203 1034 -
1226 995 1266 1052 20
1288 1013 1333 1070 sq.
1354 993 1381 1050 in

266 1097 428 1175 archetypo
454 1096 647 1156 insanabilem
676 1097 771 1157 labem
802 1101 1015 1156 contraxerunt
1035 1101 1067 1154 et
1087 1097 1246 1174 sequentis
1266 1117 1382 1174 prorsus

196 1235 202 1250 ·
267 1201 428 1279 perierunt,
452 1217 518 1276 quse
539 1204 640 1258 utrum
662 1219 758 1276 peuce
775 1221 811 1258 un
830 1200 922 1258 multe
937 1198 1049 1258 1000101
1065 1201 1247 1276 ignoremus.
1281 1199 1382 1259 Omnes

266 1309 329 1362 tres
352 1307 500 1360 amatores
522 1321 639 1360 necesse
662 1307 708 1360 est
729 1303 1005 1362 commemoraverit
1026 1302 1182 1380 prologum
1210 1321 1311 1361 verum
1333 1301 1383 1362 hoo

268 1425 327 1464 non
350 1405 380 1464 in
404 1405 484 1463 exitu
506 1405 641 1482 prologi,
675 1403 726 1464 sed
756 1409 825 1465 ente
846 1427 875 1465 v.
903 1404 939 1464 le
968 1404 1078 1462 lectum
1106 1424 1171 1464 esee
1201 1405 1301 1483 ibique
1329 1424 1383 1464 non

267 1503 362 1588 pedus
384 1507 569 1568 intercidisse
593 1507 751 1584 Kiessling.
770 1512 800 1565 et
817 1506 981 1567 Soboellius
1000 1511 1154 1584 putarunt.
1200 1507 1257 1567 llic
1274 1507 1381 1567 Gesner.

269 1611 331 1671 ed:
370 1615 468 1684 „setes
501 1610 570 1668 buio
602 1613 627 1669 si
654 1591 781 1689 superet·
805 1609 930 1684 mulieri,
964 1608 1011 1668 sd
1040 1629 1071 1670 se
1101 1630 1166 1670 oum
1198 1612 1295 1670 anime
1324 1612 1382 1668 eins

268 1711 440 1773 habentium
459 1709 634 1772 euerrerit“.
669 1712 791 1790 Spengn
819 1712 893 1787 „tris
914 1713 1045 1772 uicissim
1068 1719 1198 1791 pereunt
1219 1713 1382 1782 mulierem

269 1817 325 1876 His
347 1835 411 1876 cnm
435 1818 541 1890 animo,
574 1814 643 1875 dum
665 1815 791 1889 hebent,
818 1835 866 1874 res
889 1811 1142 1876 exenterebitur“.
1188 1817 1288 1876 Muell.
1316 1817 1384 1889 „tris

270 1921 358 1979 simul
379 1939 469 1980 unem
492 1925 619 1998 pereunt
640 1914 833 1992 mulierem“;
855 1917 962 1996 quibus
973 1919 1106 1994 Buggius
1122 1918 1230 1998 Opusc.
1248 1920 1285 1979 sd
1300 1919 1383 1978 Med·

270 2024 382 2099 sigium
412 2043 431 2082 e
460 2023 614 2100 discipulis
643 2023 722 2081 miss.
752 2043 781 2100 p.
815 2023 872 2082 186
903 2021 1003 2080 sddit:
1047 2021 1169 2096 „Hiscs,
1204 2043 1289 2082 unum
1319 2021 1383 2080 dum

270 2126 380 2186 hebent
402 2127 521 2198 minem,
545 2143 609 2184 sem
629 2126 755 2183 emeicse
771 2120 938 2184 deferuuit
979 2123 1120 2185 sebusii:
1142 2126 1186 2198 „si
1202 2126 1275 2203 qnid
1289 2130 1384 2192 rutel.

270 2249 360 2306 super
387 2228 442 2288 heo
470 2228 608 2304 muliere,
640 2227 691 2285 Hie
719 2227 971 2300 ruminandumst,
1000 2227 1052 2304 qui
1075 2227 1112 2286 ed
1134 2245 1199 2286 enm
1220 2227 1382 2298 adueniens.

272 2328 439 2391 ceterum“.·

356 2641 457 2699 Primo
478 2659 575 2712 scene,
599 2660 665 2718 quoe
686 2641 810 2699 senariis
833 2640 943 2717 scripte
966 2644 1012 2698 eet
1033 2644 1065 2698 et
1085 2641 1116 2698 in
1133 2640 1220 2699 codd.
1255 2638 1314 2712 DV,
1331 2641 1349 2699 i.
1361 2659 1382 2697 s.

272 2743 453 2815 divertium,
482 2765 510 2802 v.
534 2741 648 2820 Proleg.
672 2762 702 2819 p.
730 2745 786 2802 171
811 2761 870 2819 sq.,
901 2761 964 2800 esse
986 2741 1187 2818 significetur,
1216 2741 1384 2801 Dinisrcbns

271 2849 432 2924 nequitiem
451 2865 533 2904 susm
550 2845 767 2923 spectatoribus
785 2847 934 2924 expromit
952 2847 1059 2903 emeris
1074 2851 1211 2924 sumptus
1222 2851 1383 2917 ceterasque

272 2949 464 3009 difficultates
492 2953 523 3006 et
552 2951 742 3007 meretricum
765 2967 862 3006 mores
885 2948 1001 3025 copiose
1024 2947 1195 3024 depingens.
1248 2949 1299 3007 22:
1325 2947 1384 3006 Non

271 3058 364 3111 totum
387 3053 478 3110 vitem
501 3051 636 3110 sufficere
659 3053 702 3110 sit
724 3056 758 3110 ut
787 3051 988 3128 perdiecstur,
1023 3055 1096 3128 quot
1123 3051 1220 3110 modis
1247 3051 1385 3129 spolietur

273 3161 303 3214 et
324 3154 493 3214 ludificetur
515 3154 567 3230 qui
588 3155 753 3213 meretricis
776 3156 868 3212 amori
891 3152 1010 3212 deditus
1032 3153 1081 3212 sit.
1126 3153 1251 3212 Versum
1269 3153 1385 3212 efferunt

273 3255 368 3315 Varro
390 3255 425 3314 L.
445 3255 478 3316 L.
496 3255 545 3330 VI,
571 3259 606 3314 ll
632 3263 662 3315 et
679 3256 849 3315 Priscianus
872 3256 907 3314 de
930 3257 1032 3314 metris
1054 3255 1187 3316 Terentii
1205 3259 1234 3324 9,
1257 3276 1287 3334 p.
1303 3257 1384 3321 1322.

274 3361 325 3437 qui
347 3361 420 3418 duos
442 3361 591 3434 proximos
613 3359 698 3417 addit
715 3359 769 3418 sic:
797 3357 945 3432 „Amanti‚
969 3359 1039 3417 dum
1061 3359 1109 3417 hio
1130 3359 1291 3436 perdiscet,
1313 3357 1384 3436 quod

274 3468 379 3541 pereat
408 3460 516 3534 modis,
551 3462 654 3539 Neque
681 3482 745 3520 enm
774 3462 918 3519 rationem
950 3481 984 3518 ee
1014 3463 1080 3538 ipse
1111 3479 1251 3539 umquem
1280 3461 1385 3520 edocuit

274 3561 405 3636 Uenns“‚
424 3566 501 3624 unde
519 3583 547 3623 v.
561 3566 600 3624 23
621 3565 771 3624 emendari
788 3565 897 3641 potuit.
910 3593 952 3603 -
971 3565 1021 3623 24.
1045 3563 1089 3622 Ne
1109 3563 1253 3624 Venerem
1276 3564 1384 3642 quidem

274 3669 370 3745 ipsum
388 3669 431 3724 sit
446 3667 521 3726 benc
539 3670 685 3726 rationem
704 3665 867 3726 subducere
886 3685 983 3745 posse,
1007 3665 1142 3744 quemvis
1161 3667 1199 3725 ed
1216 3687 1281 3727 eum
1300 3668 1384 3726 omnis

275 3771 435 3828 ementium
458 3770 535 3827 ratio
558 3771 712 3828 reseretur.
764 3765 884 3843 educet,
914 3790 969 3846 pro
998 3789 1057 3847 qno
1084 3767 1264 3842 „subducet“
1289 3769 1385 3830 substi-

275 3872 379 3931 tuebat
402 3871 536 3946 Mueller,
567 3892 631 3931 cum
654 3873 778 3949 Buggio,
804 3872 938 3947 buchrin,
963 3871 1108 3932 Schoellio
1130 3872 1208 3931 idem
1231 3871 1385 3949 significare
1449 3867 1450 3874 '

276 3995 363 4052 posse
386 3974 484 4034 credo.
502 4004 545 4014 —
564 3977 613 4034 25.
641 3968 741 4050 Quam
756 3989 857 4050 penes
871 4022 876 4033 .
892 4021 899 4034 .
914 4021 920 4034 .
934 3971 1026 4049 redit,
1051 3976 1086 4035 ci.
1106 3975 1175 4034 Ter.
1188 3975 1305 4035 Phorm.
1318 3976 1385 4034 317:

279 4077 336 4151 „ed
358 4085 388 4136 te
410 4096 523 4136 summe
545 4079 656 4152 solum,
685 4077 840 4150 Phormio,
872 4097 972 4136 rerum
1003 4075 1111 4138 redit“.
1166 4093 1290 4138 sumena
1310 4091 1385 4136 sum·

276 4195 414 4252 marum3
448 4180 555 4258 Speng.
580 4181 695 4239 confert
724 4179 809 4239 Lucr.
834 4179 873 4254 V,
904 4182 974 4241 361.
1019 4181 1096 4240 Pliu.
1125 4181 1161 4240 Η.
1186 4181 1222 4240 N.
1247 4179 1314 4252 Vll,
1341 4181 1383 4237 99.

277 4281 378 4342 Seneo.
402 4282 458 4360 Ep.
482 4284 522 4344 40
546 4289 621 4343 extr.
648 4314 684 4324 -
711 4283 759 4342 27.
784 4282 928 4343 moreto
950 4283 996 4343 ed.
1016 4302 1062 4361 pr.
1086 4313 1129 4324 --
1151 4286 1202 4345 28.
1225 4276 1386 4344 blanditiae

277 4384 322 4441 ed.
340 4404 386 4462 pr.
413 4413 448 4424 -
475 4387 524 4444 29.
548 4385 695 4463 Corrupte
718 4385 808 4444 verbe
831 4385 882 4443 elii
907 4385 993 4444 aliter
1016 4387 1173 4446 emendare
1197 4387 1293 4447 consti
1309 4391 1382 4454 snnt;
