2920 4998
255 421 316 481 550
754 415 869 470 Stichus

255 639 296 649 -
310 611 381 668 648.
396 603 574 670 demandam
585 609 620 668 R.
639 612 670 668 iu
686 612 780 684 notis;
804 613 834 670 in
852 615 1004 670 contextu:
1032 607 1220 688 ,postidca“.
1232 641 1281 652 -
1293 608 1388 688 96661

251 709 309 772 nix
330 711 417 770 Both.

339 817 410 874 649.
438 813 515 873 Dum
534 814 653 873 Stichus
676 815 752 874 adea
775 816 876 889 intrat,
900 816 1060 874 utendum
1083 818 1145 874 vini
1167 819 1289 894 capiat,
1314 817 1388 876 San·

254 919 355 993 garius
378 917 509 976 advenit.
553 919 581 976 la
604 918 700 976 redux
722 918 840 976 domum
864 937 946 976 suam
971 924 1001 977 et
1021 918 1134 994 urbem,
1156 921 1305 997 patriam,
1328 940 1389 978 non

253 1041 345 1093 suam,
371 1040 439 1078 nam
463 1019 556 1096 Syrus
579 1025 645 1078 erat
665 1040 694 1077 v.
717 1022 790 1096 434,
812 1021 865 1080 sed
886 1021 952 1078 heri
975 1021 1095 1081 salutat.
1140 1035 1221 1098 citae
1241 1016 1389 1081 mdrices

254 1143 294 1184 sc.
318 1125 406 1194 estis,
437 1142 465 1181 v.
489 1121 527 1180 ad
549 1122 656 1200 Amph.
682 1124 752 1181 590.
798 1124 844 1181 Ad
872 1143 934 1180 ram
957 1121 1118 1183 Lambinus
1148 1125 1268 1183 confert
1290 1123 1388 1182 Cicer.

253 1246 283 1303 p.
307 1224 414 1283 Flacco
438 1226 494 1298 26,
519 1226 575 1284 62;
612 1223 748 1298 ,Adsunt
770 1225 980 1300 Athenienses,
1003 1224 1081 1284 unde
1103 1225 1293 1298 humanitas,
1318 1226 1388 1284 dcc-

252 1331 346 1400 trina,
377 1328 497 1404 religio,
524 1329 639 1403 fruges,
671 1330 751 1401 iura,
782 1330 862 1401 legas
890 1334 964 1387 ortae
993 1334 1083 1404 atque
1105 1330 1136 1386 in
1160 1349 1261 1387 omnes
1288 1333 1388 1387 terras

253 1430 423 1489 distributae
445 1427 619 1508 putantnr“.
664 1429 754 1488 Isocr.
778 1429 923 1506 Panegyr.
948 1436 977 1489 et
999 1431 1057 1489 alia
1079 1437 1111 1490 et
1131 1427 1148 1505 ἓ
1171 1433 1229 1489 47:
1264 1435 1388 1489 Φιλοσο-

214 1549 215 1554 ’
253 1536 318 1606 <plur
340 1536 429 1590 τοίνυν
448 1533 532 1604 ...ἡ
554 1535 632 1600 πόλις
654 1534 725 1608 ripis
747 1533 901 1598 κατέδειξεν.
923 1562 966 1572 -
997 1535 1067 1592 650.
1100 1529 1232 1608 „Terra“
1257 1553 1387 1610 corrup-

254 1640 394 1694 tumeat.
440 1635 474 1694 R.
500 1636 610 1695 delevit
632 1637 743 1695 addans
765 1631 866 1711 salue3
895 1635 999 1711 6661.
1024 1636 1130 1696 Bacch.
1156 1637 1234 1696 168:
1271 1636 1386 1708 „Erilis

253 1741 354 1816 patria
387 1734 500 1796 salue“.
557 1738 613 1797 Sed
646 1739 773 1797 fortusse
801 1741 911 1796 rectius
939 1738 1066 1798 Schcell.
1097 1740 1127 1796 in
1155 1740 1240 1816 praei.
1264 1738 1387 1797 Goetaii

253 1861 283 1916 p.
306 1839 392 1898 XVI:
429 1847 535 1918 ,Χαῖρε
558 1861 575 1900 ο
599 1843 680 1900 erilis
701 1837 832 1917 patria“.
855 1869 897 1882 -
928 1842 998 1901 652.
1027 1833 1169 1914 Oureest,
1198 1843 1219 1900 i.
1244 1863 1270 1899 e.
1296 1862 1386 1900 curae

254 1948 307 2016 est,
332 1944 463 2002 Studem.
488 1943 573 2002 stud.
596 1943 612 2001 Ι
632 1963 662 2022 p,
690 1946 766 2014 195,
797 1967 824 2004 v.
849 1943 887 2002 ad
908 1943 1000 2003 Marc.
1028 1945 1096 2003 120.
1121 1973 1162 1983 -
1188 1943 1226 2002 ut
1253 1939 1385 2004 uideam

255 2045 289 2104 R.
312 2075 356 2084 —
379 2047 449 2105 653.
473 2047 608 2106 Alterum
634 2043 704 2120 ,ut“
731 2047 841 2106 delevit
862 2046 908 2122 R,
933 2049 985 2124 qui
1007 2047 1088 2123 qnod
1110 2051 1179 2106 ante
1200 2050 1288 2122 prius
1311 2045 1381 2118 ,6ῒῦ

257 2145 322 2223 „ei“
348 2148 476 2222 addidit,
500 2168 534 2206 eo
556 2151 607 2208 vix
629 2170 704 2226 epus
728 2157 781 2209 est.
804 2178 847 2190 -·
871 2151 942 2209 654.
966 2146 1104 2224 tmperi,
1127 2172 1156 2208 v.
1173 2149 1383 2208 66661446.

255 2281 296 2292 -
321 2254 390 2310 655.
422 2251 594 2310 Revertitur
622 2251 742 2311 Stichus
770 2272 835 2311 cum
866 2251 938 2311 cade
967 2254 1037 2311 riui,
1074 2283 1110 2292 -
1147 2253 1208 2311 657
1233 2273 1276 2329 sq.
1307 2253 1384 2330 quot

255 2353 322 2413 edd.
353 2384 395 2394 -
425 2357 495 2414 659.
519 2349 729 2432 prolhymt'as,
758 2375 784 2414 v.
810 2357 881 2414 666.
915 2384 958 2395 -
991 2357 1062 2414 660.
1094 2351 1206 2426 ‚,Hem“
1232 2354 1269 2413 R.
1292 2375 1383 2413 versu

254 2455 375 2514 iubente
404 2457 523 2516 delevit.
560 2487 597 2496 -
634 2454 713 2533 quid
739 2452 801 2534 fil?
833 2459 904 2535 quid
933 2453 1025 2516 lacis?
1076 2458 1205 2516 Miratur
1232 2458 1381 2516 hominem

256 2579 321 2618 cum
345 2559 418 2618 cado
441 2561 503 2618 viui
525 2559 758 2635 ingredientem
782 2562 818 2619 cf.
843 2561 880 2619 66
902 2559 1011 2620 Β6666.
1037 2560 1106 2619 624.
1130 2589 1172 2600 ·-
1201 2561 1273 2619 661.
1297 2554 1380 2620 Dio-

254 2677 351 2740 nysus
375 2663 454 2738 apud
476 2665 658 2740 antiquiores
681 2664 830 2723 Romanoa
853 2684 913 2722 non
935 2663 1007 2722 alibi
1028 2665 1209 2721 nominatur.
1228 2692 1271 2702 -
1286 2658 1379 2722 mihi·

254 2782 313 2842 que
335 2767 376 2837 ct,
401 2785 427 2823 v.
452 2766 489 2823 ad
512 2765 620 2844 Amph.
646 2769 674 2824 5.
708 2795 746 2806 -
779 2769 849 2826 662.
874 2765 958 2826 cocta
980 2764 1029 2824 esi
1049 2765 1099 2839 6.,
1122 2785 1177 2824 nec
1200 2767 1278 2824 enim
1301 2766 1380 2824 dicta

253 2888 308 2946 pro
338 2869 472 2928 condicta
497 2862 537 2944 (v.
562 2865 638 2945 433)
668 2867 725 2926 dici
752 2888 840 2946 posse
870 2868 999 2928 videtur.
1028 2897 1070 2908 ·-
1099 2862 1186 2928 locus
1213 2861 1308 2940 liber,
1343 2869 1379 2924 ab

253 2974 389 3044 arbitris,
414 2973 449 3030 cf.
474 2972 511 3028 ad
534 2971 624 3031 Poan.
651 2974 720 3030 177.
743 3001 785 3011 -
809 2973 880 3030 664.
904 2968 995 3044 adet),
1020 2972 1056 3030 cf.
1082 2973 1130 3029 16.
1155 3001 1196 3009 -
1219 2972 1293 3030 665.
1315 2965 1379 3042 llos,

253 3075 364 3132 vinum.
377 3103 419 3112 —
431 3076 502 3133 666.
531 3068 609 3148 Quis
629 3069 804 3134 somniauit
825 3067 961 3134 aarum?
993 3073 1135 3149 Sangario
1159 3076 1267 3132 somnii
1285 3074 1380 3132 simile

254 3173 310 3234 hcc
333 3177 461 3250 videtur,
493 3184 527 3237 ut
548 3180 573 3236 si
597 3180 664 3255 quis
688 3180 753 3236 auri
777 3179 834 3234 vim
858 3178 915 3236 sibi
937 3180 968 3234 in
990 3178 1100 3234 somnis
1122 3177 1277 3254 possidere
1299 3179 1379 3234 visus

254 3281 303 3338 sit.
348 3281 471 3354 Iniuria,
494 3287 529 3338 ut
550 3281 621 3338 mihi
644 3281 770 3353 videtur,
794 3282 824 3336 in
848 3280 904 3337 hoc
926 3279 1030 3337 offensi
1053 3280 1181 3337 editores
1205 3279 1282 3337 alins
1299 3279 1381 3338 aliud

254 3384 435 3444 substituere
466 3390 589 3442 conatus
618 3388 672 3442 est.
705 3413 747 3422 —
782 3384 842 3441 667
866 3403 910 3459 aq.
933 3382 1021 3440 simul
1050 3401 1114 3440 cum
1143 3383 1204 3440 669
1234 3401 1280 3459 sq.
1309 3383 1380 3440 ferri

253 3471 311 3546 non
334 3492 474 3564 possunt;
508 3486 625 3546 Stichus
653 3506 713 3544 nou
742 3485 788 3544 bis
816 3503 990 3544 conservum
1017 3503 1102 3542 suum
1125 3505 1155 3542 se
1177 3487 1263 3561 sequi
1284 3487 1378 3543 iussit.

254 3590 317 3648 Nec
339 3589 549 3660 dubitandum,
579 3590 651 3664 quin
678 3589 782 3665 priora
811 3589 913 3665 spuria
935 3589 1009 3658 sint,
1040 3588 1069 3645 in
1092 3587 1200 3663 quibus
1223 3593 1255 3645 at
1280 3581 1378 3646 Prota

255 3712 345 3752 sensu
369 3699 450 3751 caret
473 3700 505 3751 et
528 3693 603 3750 alter
630 3711 732 3750 versus
761 3690 926 3762 claudicat,
961 3691 1018 3748 nisi
1045 3695 1115 3766 post
1141 3685 1225 3748 intro
1253 3689 1379 3748 addatur

258 3791 450 3872 „Sangarie“.
505 3794 749 3872 Dittographiam
778 3795 901 3869 agnovit
931 3794 1020 3856 ctiam
1049 3791 1197 3851 Gcetzius.
1235 3823 1273 3833 --
1310 3795 1376 3852 669.

255 3896 390 3956 Athenas
423 3897 517 3956 redux
551 3900 594 3955 ait
625 3916 658 3954 aa
690 3896 849 3972 peregrina
878 3897 977 3954 omnia
1005 3895 1189 3953 abiecturum
1220 3895 1269 3952 vel
1298 3897 1378 3971 quasi

255 3999 359 4060 sordes
382 3999 566 4074 abluturum3
590 4018 692 4058 verum
715 4018 775 4057 non
797 4017 875 4074 aqua
897 3997 953 4056 hoc
975 3998 1071 4056 facere
1094 3997 1203 4070 studet,
1227 3997 1279 4056 sed
1302 4000 1377 4070 rinc,

255 4103 337 4180 quod
364 4103 521 4161 admodum
550 4122 654 4162 vereor
689 4121 726 4159 nc
756 4102 875 4180 ineptus
902 4102 969 4174 ille,
999 4102 1051 4177 qui
1074 4123 1101 4160 r.
1126 4103 1188 4160 667
1210 4100 1375 4176 adscripsit,

254 4228 360 4284 parum
385 4207 574 4265 intellexerit,
598 4235 640 4244 —
663 4205 734 4263 670.
769 4199 953 4281 ,Relinque“
977 4203 1051 4262 nihil
1074 4207 1135 4276 est3
1165 4197 1205 4262 In
1227 4198 1376 4280 reliquom

255 4312 376 4388 scripsi,
413 4314 447 4368 ut
469 4308 539 4368 Sall.
564 4308 627 4383 lug.
653 4309 706 4381 42,
732 4310 760 4365 4.
806 4307 866 4366 Cic.
890 4306 971 4366 Fam.
993 4306 1036 4382 X,
1063 4308 1091 4382 7,
1116 4307 1144 4364 2.
1169 4305 1208 4362 61.
1239 4334 1276 4344 -
1309 4307 1375 4364 671.
