2920 4998
516 509 548 564 V.
567 511 710 586 bel-577.
1111 517 1173 578 483

54 699 276 781 tegetillum.*)
299 735 341 746 -
361 701 490 765 unicum
512 710 546 764 A.
570 735 612 744 -
643 707 713 763 566.
736 701 825 780 pluit
845 705 911 764 edd.
935 735 976 747 -
1006 707 1075 766 567.
1098 723 1174 782 poe

53 805 146 879 nitet,
170 830 196 868 v.
220 808 259 867 ed
283 807 386 867 Bocch.
413 811 503 867 1182.
538 809 604 866 Ter.
623 807 698 867 Eun.
721 811 799 866 1013
823 827 885 884 sq.:
918 810 982 882 „An
1004 808 1175 886 paenitebat

53 911 161 989 flagiti,
184 917 214 970 te
237 917 358 970 auctore
380 913 461 989 quod
483 913 601 970 fecisset
623 910 812 982 Adulescens,
841 914 871 968 ui
894 913 1032 970 miserum
1054 913 1175 988 insuper

55 1018 148 1072 etiem
175 1015 256 1091 petri
283 1011 469 1072 indiceres?“
526 1014 612 1074 Unde
641 1017 767 1091 opperet
797 1014 827 1070 iu
862 1015 998 1090 proximo
1026 1033 1113 1073 versu
1139 1009 1176 1073 ni

55 1115 245 1176 scribendum
269 1136 341 1190 esse,
365 1137 424 1175 nou
450 1113 534 1190 „ne“,
557 1116 639 1193 qnod
661 1116 738 1175 vidit
760 1113 840 1174 (lem.
861 1111 955 1188 „nisi“
975 1117 1115 1176 scribens.
1133 1147 1175 1158 -·-

56 1216 156 1294 claui,
185 1220 221 1277 cl.
248 1221 318 1279 526.
351 1247 393 1258 -
426 1219 533 1277 Hictur
554 1225 623 1296 post
650 1214 695 1276 ni.
741 1217 874 1276 Mueller.
898 1238 928 1295 p.
953 1221 1029 1279 435:
1067 1222 1176 1295 „semel

55 1319 166 1383 eleui“.
195 1351 237 1362 -
271 1323 341 1380 569.
365 1321 407 1381 Ut
428 1317 541 1392 eluere,
571 1324 613 1379 ite
636 1317 752 1397 aunei
772 1321 917 1379 translate
939 1321 976 1379 de
999 1323 1086 1382 rebus
1109 1324 1175 1381 eliis

57 1427 176 1498 dicitur,
199 1427 319 1502 proprie
341 1425 378 1482 de
402 1423 546 1483 sordibus.
597 1423 704 1482 Sordes
730 1423 780 1480 vel
807 1423 933 1482 levando
960 1429 1083 1502 purgari
1105 1446 1173 1502 pos·

56 1535 126 1587 sunt
147 1528 196 1586 vel
219 1529 285 1586 oleo
308 1531 338 1583 et
359 1529 526 1602 unguentis,
556 1547 681 1603 quorum
704 1525 778 1583 illud
801 1510 937 1600 in'meri,
966 1528 1020 1586 hcc
1042 1529 1072 1587 in
1094 1533 1176 1588 terre

58 1632 120 1689 lieri
149 1635 258 1708 potest.
310 1629 533 1705 Unguenbornm
563 1631 639 1687 enim
663 1634 693 1688 iu
717 1649 788 1687 cene
817 1630 932 1706 elieque
960 1631 1079 1689 luxurie
1105 1652 1175 1690 usus

58 1743 130 1808 eret,
162 1739 193 1792 et
214 1733 497 1808 pretiosissimorum
520 1730 654 1807 quidem,
689 1733 797 1809 quibus
819 1733 870 1809 qui
893 1733 993 1791 multis
1015 1734 1176 1792 utebantur

58 1837 143 1894 facile
165 1855 227 1893 rem
251 1835 377 1911 perdere
398 1841 551 1912 poterent,
587 1836 622 1892 cl.
646 1833 727 1892 Trin.
752 1837 828 1894 407:
867 1834 963 1908 „Quid
991 1837 1100 1894 factum
1130 1843 1177 1895 est

60 1939 115 1996 eo?
162 1937 217 1996 TS.
248 1937 427 2010 comessum,
458 1941 607 2013 expotum,
636 1946 803 2009 exunctum,
834 1938 946 1996 elutum
968 1941 998 1996 in
1020 1937 1175 1998 balineis“.

60 2043 177 2101 Trucul.
202 2042 276 2100 309:
309 2039 388 2111 „Uos
410 2059 473 2097 eum
496 2041 617 2110 excutis,
641 2043 855 2116 exunguimini,
880 2039 1028 2099 ebibitis“.
1072 2041 1177 2118 Iteque

60 2145 87 2204 h.
111 2147 130 2203 l.
158 2143 283 2219 „Utrum
306 2140 452 2212 levendo“
477 2145 576 2219 inquit
601 2162 658 2214 „ou
680 2143 818 2218 ungendo
841 2147 939 2202 omniu
962 2147 1088 2217 emittes,
1117 2161 1176 2203 non

61 2244 160 2304 curo“.
186 2275 223 2286 —
254 2245 338 2303 Verr.
362 2246 397 2304 L.
420 2247 455 2304 L.
477 2245 543 2320 Vll,
566 2248 620 2305 91:
655 2241 789 2319 „ciccum
818 2246 955 2305 dicebant
977 2245 1177 2305 membranum

61 2355 187 2423 munem,
205 2367 271 2426 quae
289 2353 336 2407 est
346 2354 380 2407 ut
390 2350 421 2406 in
433 2349 512 2406 melo
524 2348 635 2406 Punico
654 2348 820 2422 discrimen,
839 2368 857 2406 e
874 2369 932 2426 quo
951 2351 1040 2408 etiem
1053 2347 1177 2408 Pleutus

63 2451 140 2524 dicit,
165 2451 245 2528 quod
267 2451 333 2509 vult
355 2447 507 2509 elenchum
528 2451 565 2523 (e.
589 2472 614 2509 e.
638 2452 718 2528 quod
740 2453 903 2510 examinari
920 2445 1036 2527 debet):
1068 2452 1176 2511 ciccum

62 2575 118 2612 uon
135 2551 305 2614 interduo“.
351 2553 409 2612 Sed
431 2548 604 2612 interdum
626 2555 814 2613 scribendum
837 2573 900 2612 cum
924 2553 1108 2628 camerario,
1139 2555 1174 2612 ei.

63 2658 97 2713 ed
112 2657 199 2734 (lept.
218 2657 287 2714 688.
306 2683 349 2696 -
372 2658 442 2714 571.
466 2656 601 2715 Priorem
622 2675 724 2715 versus
746 2661 861 2735 portem
884 2655 972 2715 effert
994 2656 1144 2714 Charisius
1162 2655 1176 2712 I

64 2780 89 2835 p.
113 2763 161 2832 98,
186 2765 281 2818 toturn
305 2759 446 2817 Priscian.
462 2757 503 2815 VI
519 2779 549 2836 p.
563 2759 623 2818 699
648 2753 732 2834 („uel
754 2761 842 2816 etiam
866 2757 1005 2831 aegrote“
1031 2751 1175 2834 scribens)

65 2869 185 2940 propter
206 2863 331 2920 formem
354 2857 436 2938 alyn,
459 2879 524 2936 quae
548 2867 593 2920 est
616 2863 702 2919 etiem
728 2861 815 2919 Most.
842 2862 910 2918 188.
935 2892 977 2899 -
1000 2864 1069 2920 572.
1095 2854 1176 2920 Bae*-

66 2959 178 3037 bcrum,
205 2987 263 3024 non
286 2985 324 3023 ex
345 2985 483 3042 germano
510 2963 641 3034 Groecie,
676 2971 709 3022 ut
738 2964 846 3040 legitur
873 2963 950 3020 infre
973 2965 1045 3022 727.
1075 2993 1116 3002 -
1144 2961 1177 3021 in

67 3064 149 3128 aedis
172 3090 212 3127 sc.
235 3068 433 3140 introducere,
457 3068 492 3125 of.
517 3067 555 3124 ud
577 3065 667 3125 Most.
692 3070 762 3125 860.
785 3097 826 3104 -
850 3066 903 3123 His
927 3065 1013 3123 dictis
1037 3067 1108 3124 obit.

147 3174 217 3231 573.
247 3165 378 3232 Uenulis
400 3165 575 3240 dormitandi,
594 3189 695 3228 servos
712 3168 858 3239 vendidit,
883 3185 989 3241 mango
1010 3167 1075 3240 suit,
1099 3167 1178 3244 quod

70 3271 253 3332 durissimum
275 3273 426 3332 hominum
449 3291 540 3348 genus
563 3279 617 3330 est.
641 3301 683 3312 -
708 3274 776 3330 575.
800 3265 969 3346 crapulam,
993 3271 1030 3328 cl.
1051 3271 1119 3328 360.
1136 3297 1179 3310 -

71 3377 134 3434 576.
157 3391 250 3452 quom
264 3371 388 3451 polotri,
412 3395 497 3451 quem
521 3376 654 3451 potando
675 3374 801 3451 suscepi.
823 3403 863 3414 -
885 3369 1059 3432 sententiae
1080 3372 1178 3444 Both,

68 3481 98 3532 ut
118 3480 168 3538 sit:
203 3486 312 3556 proeter
340 3497 427 3554 quem
456 3482 555 3535 enimc
582 3477 679 3535 libuit.
736 3475 779 3533 Fl.
807 3471 1022 3549 ,‚rententiem“
1048 3477 1178 3531 retinens

69 3579 152 3640 verbe
177 3601 284 3658 ,quem
306 3577 421 3638 lubuit“
448 3579 547 3637 delere
569 3585 687 3638 coactus
709 3579 806 3636 locum
824 3579 959 3635 licentius
978 3577 1178 3652 interpolavit.

70 3707 107 3720 ·-
139 3687 207 3742 577.
245 3675 339 3740 Uinis
371 3676 502 3740 &oecis
529 3697 627 3755 more,
662 3684 680 3739 i.
705 3703 730 3739 e.
755 3701 832 3756 eque
866 3682 987 3752 marine,
1025 3680 1181 3737 admisceri

71 3782 190 3860 nolebat,
219 3806 246 3844 v.
269 3785 347 3843 Plut.
372 3785 480 3856 Quest.
504 3789 600 3842 netur.
628 3787 674 3843 10.
715 3785 821 3841 Athen.
844 3784 911 3860 lp.
936 3784 974 3840 26
999 3783 1026 3855 b,
1055 3783 1180 3840 maxime

73 3883 147 3960 ctio,
169 3909 197 3948 v.
222 3889 293 3947 Hor.
316 3881 377 3946 set.
401 3886 445 3959 H,
470 3890 503 3960 8,
529 3890 582 3961 15,
606 3893 635 3946 et
657 3886 731 3958 Coo,
755 3905 782 3944 v.
807 3885 883 3944 Plin.
908 3885 944 3942 H.
967 3883 1003 3942 N.
1027 3883 1105 3957 xlv,
1129 3885 1179 3942 78.

95 4053 266 4063 -—.—.—.-

88 4149 114 4216 l)
136 4154 228 4210 Lectis
247 4155 294 4223 iis,
319 4171 381 4224 quae
400 4154 435 4208 de
454 4157 480 4208 h.
500 4173 523 4208 v.
544 4154 696 4210 Buecheler
720 4154 847 4223 disputet
864 4153 935 4209 Mus.
955 4153 1043 4208 Rhen.
1063 4151 1181 4206 XXXIX

134 4257 158 4308 p.
177 4242 228 4294 422
247 4256 298 4309 eq,
316 4259 373 4294 non
392 4241 481 4295 hebeo
500 4242 575 4309 quod
594 4247 707 4293 mutem.
744 4242 778 4294 Id
796 4247 905 4296 tentum
923 4240 1043 4306 notabo,
1069 4257 1101 4293 ee
1119 4255 1182 4306 quie

135 4323 167 4379 de
184 4327 247 4378 Aul.
264 4329 314 4380 293
332 4326 354 4378 F
356 4327 546 4396 reucogellum
567 4327 662 4379 nescio
681 4343 762 4393 quem
781 4326 1011 4382 animadvertisse
1034 4326 1119 4390 dicit,
1141 4324 1182 4375 iu·

136 4412 223 4466 veniri
240 4413 269 4466 in
287 4413 392 4466 nostrie
410 4411 556 4464 Addendis
574 4413 611 4464 ed
630 4411 683 4464 vol.
702 4410 735 4464 ll.

930 4513 979 4570 31·
