2930 5002
301 493 359 554 125
812 487 906 542 sinna
1204 485 1257 554 111,
1273 489 1296 554 s,
1317 487 1394 539 a-ai

298 677 360 742 Par
384 678 494 742 moriri
518 683 569 742 est
590 698 696 761 aeque
719 683 771 742 est
793 677 907 742 melias
931 684 1033 742 morte
1056 676 1090 741 in
1112 675 1208 741 malis

298 785 408 850 Rebus
432 787 567 851 miseris.

750 892 969 958 Trachalio

597 1000 681 1078 Quid
706 1001 778 1065 est?
801 1023 884 1084 quae
905 1000 1002 1066 illaec
1025 1003 1130 1066 oratio
1153 1001 1225 1067 est?
1357 1015 1397 1069 666

299 1110 397 1176 Cesso
422 1131 482 1194 ego
505 1110 564 1175 has
589 1109 775 1174 consolari?
821 1110 918 1184 Heus,
943 1108 1124 1175 Palaestra.

753 1245 962 1312 Palaestra

1064 1353 1126 1432 Qui
1151 1355 1270 1422 uocat?

752 1481 961 1546 Trachalio

1225 1588 1396 1672 Ampelisca.

329 1763 334 1778 ,
748 1697 968 1777 Ampelisca

298 1806 451 1886 Obsecro,
475 1807 547 1888 quis
570 1807 699 1890 estqui
723 1813 842 1871 uocat?

751 1948 963 2016 Palaestra

895 2059 975 2136 Quis
997 2058 1026 2122 is
1050 2063 1101 2123 est
1124 2057 1181 2142 qui
1203 2054 1365 2124 nominat?

757 2211 968 2279 Trachalio

502 2320 536 2386 Si
558 2307 715 2405 respexis,
739 2323 831 2387 scies.

750 2463 962 2530 Palaestra

298 2569 325 2635 Ο
349 2569 465 2636 salutis
489 2591 579 2637 meae
602 2593 688 2656 spes.

754 2715 963 2781 Trachalio

725 2823 811 2890 Tace
834 2845 872 2889 ao
895 2824 981 2892 bono
1004 2825 1114 2890 animo
1137 2843 1186 2904 es;

296 2928 348 2994 Me
371 2930 456 2996 uide.

750 3063 967 3130 Palaestra

521 3171 554 3238 Si
577 3172 672 3237 modo
695 3173 729 3238 id
752 3173 859 3250 liceat,
884 3175 933 3238 uis
956 3195 996 3239 ne
1020 3174 1192 3258 opprimat,

297 3278 386 3356 Quae
410 3281 458 3344 uis
481 3280 549 3345 uim
572 3280 649 3345 mihi
673 3280 819 3346 adferam
843 3283 916 3366 ipsa
938 3283 1052 3365 adigit.

751 3435 961 3502 Trachalio

895 3543 945 3609 Ah
969 3543 1095 3624 desine;
1117 3543 1214 3608 nimis
1237 3537 1343 3627 inepta
1361 3555 1397 3602 es.

708 3747 711 3754 .
750 3687 961 3753 Palaestra

297 3796 425 3862 Desiste
449 3796 546 3862 dictis
568 3797 742 3861 nunciam
765 3799 917 3863 miseram
942 3818 992 3861 me
1014 3793 1187 3861 consolari.

744 3951 813 4015 Aac
848 3949 972 4016 eliaca

296 4059 367 4124 Nisi
390 4058 469 4143 quid
492 4080 528 4126 re
545 4060 689 4143 praesidi
708 3973 859 4143 caparis,
882 4058 1068 4138 Trachalio,
1093 4065 1168 4124 acta
1186 4057 1270 4124 haec
1287 4077 1336 4122 res
1352 4057 1398 4119 est.

298 4217 383 4224 ..—..-..-.
389 4217 499 4224 ..-—--

380 4301 432 4353 664
450 4299 516 4353 Pars
536 4305 578 4352 est
597 4300 693 4352 moriri
790 4299 840 4352 666
860 4299 994 4353 meiseriis
1013 4297 1048 4365 Β,
1066 4299 1135 4353 meis
1154 4297 1277 4352 acclini)
1359 4289 1398 4346 666

296 4385 436 4440 consulari
501 4386 552 4438 668
569 4401 700 4454 respersos
765 4385 816 4438 672
834 4383 926 4437 dictus
989 4384 1130 4439 consulari
1189 4384 1241 4436 673
1258 4379 1397 4452 presidium
