2920 4998
534 458 564 512 v.
585 460 729 514 ass-eae.
1131 466 1192 528 535

60 651 183 712 Ritscb.
211 651 340 730 „oppido
363 653 476 711 breuist
499 655 542 711 c.“
568 682 611 692 -
642 645 727 712 3082
747 647 901 713 occlusam
928 649 1069 728 ianuam,
1103 675 1131 713 v.
1154 656 1193 715 ad

61 754 161 813 Most.
186 757 257 814 435.

163 859 222 916 309
246 877 310 934 sqq.
336 860 507 936 anapaestici
530 863 608 932 aunt,
634 859 780 918 309-12
804 860 957 932 octonarii,
983 861 1126 918 313-18
1151 860 1195 918 di·

66 961 162 1018 metri
185 960 363 1032 catalectici,
394 962 537 1020 329-21
563 960 682 1018 dimetri
704 961 872 1034 acatalecti,
903 962 1047 1021 322-25
1078 961 1196 1022 dimetri

68 1064 254 1121 catalectici.

163 1167 233 1224 310.
258 1180 353 1240 quom
376 1160 503 1240 dudum,
525 1167 561 1224 cf.
582 1168 651 1225 530.
675 1164 714 1224 ad
729 1166 837 1243 Amph.
858 1169 927 1225 686.
972 1166 1039 1226 asto
1062 1166 1090 1224 et
1104 1161 1196 1241 pulte

66 1267 197 1328 Taubm.
210 1297 252 1307 -
267 1269 336 1327 311.
361 1283 397 1328 ac
405 1264 507 1344 pedes
527 1267 646 1328 boman.
657 1298 701 1308 —
720 1269 790 1328 312.
813 1268 872 1327 Pro
885 1273 1025 1346 corrupto
1041 1263 1193 1342 ,mannm“

66 1369 141 1430 edd.
166 1367 332 1444 „malum“;
353 1389 406 1428 nos
428 1390 492 1428 cum
515 1370 629 1447 Buggio
653 1370 760 1448 Opusc.
781 1372 817 1430 ad
834 1372 936 1432 Madv.
959 1392 988 1449 p.
1010 1371 1067 1430 181
1092 1386 1195 1432 anum.

68 1473 116 1533 Ut
140 1474 276 1547 fugitivis
299 1492 371 1531 anus
394 1491 459 1532 cum
479 1473 669 1550 compedibus
688 1472 863 1545 addebatur,
887 1473 1004 1533 v.Men.
1019 1475 1073 1532 85:
1100 1495 1196 1548 „oom-

67 1578 171 1654 pediti
199 1595 287 1634 anum
314 1575 387 1634 lima
415 1579 618 1652 praeterunt“,
650 1579 693 1636 ita
721 1580 807 1652 optat
839 1581 873 1634 ut
901 1575 1012 1635 loribus
1042 1596 1113 1635 anus
1147 1578 1195 1649 sit,

66 1699 111 1738 ne
140 1699 258 1738 necessa
292 1681 331 1738 sit
362 1679 488 1757 pedibus
521 1685 551 1738 et
584 1679 691 1738 cubitis
724 1679 851 1756 pultare.
920 1679 1003 1738 Anus
1035 1679 1082 1738 vel
1115 1678 1197 1736 anuli

67 1783 185 1840 forium
207 1787 472 1841 commemorantur
494 1781 575 1840 Pers.
601 1784 671 1842 569.
728 1782 829 1840 Graece
852 1783 957 1859 ῥόπτρα
980 1781 1133 1854 dicuntur,
1167 1801 1194 1840 v.

70 1885 200 1960 Lys.6‚
226 1889 252 1944 1.
297 1884 448 1943 Plutarch.
473 1883 586 1944 Curios.
608 1887 635 1943 3.
668 1883 778 1944 Athen.
800 1883 874 1942 Xlll
896 1906 925 1962 p.
951 1886 1009 1943 593
1033 1884 1061 1943 b.
1106 1883 1198 1942 Anuli

68 1989 161 2046 aenei
189 1990 316 2064 vestigia
344 1989 565 2066 conspiciuntur
590 1990 622 2046 in
649 2007 814 2068 marmopea
840 1991 929 2063 porta
957 1987 1087 2062 sepulcri
1109 1986 1197 2046 Pom-

67 2091 185 2168 peiani,
208 2111 236 2148 v.
259 2090 373 2148 Mancia
397 2091 411 2148 I
432 2092 474 2168 pl.
492 2089 573 2148 XIX.
619 2091 710 2149 Matri
734 2110 821 2148 causa
843 2091 1027 2166 transposui:
1051 2103 1197 2164 acapnum

68 2207 181 2264 anum,
204 2213 240 2250 ne
263 2195 408 2270 pessimus
431 2198 598 2269 anapaestus
621 2213 738 2252 versum
761 2194 947 2251 terminarat.
976 2221 1016 2232 -·
1045 2192 1116 2250 314.
1137 2205 1198 2250 roae

73 2290 173 2353 uobis
195 2293 231 2351 A.
276 2295 323 2354 Ad
352 2303 515 2354 extremum
538 2295 654 2354 foribus
681 2295 758 2354 mala
786 2300 935 2373 precatur.
958 2323 1000 2335 -
1024 2296 1093 2354 315.
1118 2307 1197 2353 corn·

61 2390 197 2474 pellcbo
219 2400 253 2457 Δ.
277 2427 318 2438 -
343 2399 413 2457 318.
437 2393 533 2458 edisti
550 2400 584 2456 Δ.
604 2427 645 2436 -
670 2399 739 2457 321.
762 2394 837 2457 istic
858 2395 943 2456 ineat
964 2403 994 2454 et
1017 2397 1050 2455 ta
1072 2393 1143 2456 edes
1161 2397 1197 2454 A.

67 2500 229 2558 Parasitus
251 2502 346 2579 pisces
369 2505 400 2560 in
423 2503 558 2579 sportula
575 2521 638 2559 asse
655 2503 832 2576 suspicatur,
854 2500 969 2576 sibique
987 2519 1066 2559 oense
1082 2504 1198 2576 partem

68 2603 140 2661 sore
162 2609 277 2680 sperat;
302 2622 404 2662 servus
426 2602 561 2662 colubras
584 2605 611 2664 ei
634 2604 800 2680 pollicetur.
856 2603 899 2660 Da
921 2608 1073 2662 structura
1099 2604 1134 2661 cf.
1160 2601 1198 2660 ad

69 2706 169 2764 Marc.
193 2708 263 2764 227.
287 2737 329 2746 -
353 2707 423 2766 325.
448 2699 543 2766 Potes
566 2708 600 2764 A.

164 2810 233 2868 326.
269 2809 430 2885 Panegyris
453 2811 521 2880 exit,
544 2814 580 2867 ut
601 2807 715 2882 videat,
739 2809 804 2884 quis
826 2815 887 2866 tam
910 2809 1099 2868 vehementer
1120 2808 1197 2864 fores

69 2913 184 2991 pulset.
231 2911 264 2970 V.
286 2913 346 2970 326
364 2911 491 2970 dimeter
513 2912 655 2970 iambicus
679 2917 732 2986 est,
758 2913 817 2970 327
842 2911 1038 2986 annpaestious
1061 2908 1196 2980 dimeter,

74 3015 140 3074 328
169 3015 363 3090 anapaesticus
384 3019 560 3072 tetrameter
587 3015 788 3088 catalecticus,
824 3015 883 3073 329
908 3013 1101 3082 acatalectus,
1137 3013 1196 3070 330

70 3115 273 3176 catalecticus.
335 3115 416 3175 Duos
443 3120 555 3194 primos
585 3137 686 3176 versus
719 3117 910 3194 Spengelius‚
945 3113 1195 3174 Resormvorscbl.

69 3241 105 3298 p.
130 3221 193 3277 417
221 3221 431 3295 anapaesticnm
459 3225 665 3279 tetrametrum
699 3221 769 3279 fecit
797 3218 928 3278 scribens
959 3217 1027 3292 „ubi
1055 3219 1080 3275 is
1109 3211 1194 3275 est?“

69 3351 118 3363 -
149 3324 217 3381 330.
246 3317 400 3398 equidem,
430 3341 459 3381 v.
489 3322 527 3381 ad
548 3323 655 3398 Amph.
681 3324 751 3382 757.
802 3321 907 3380 Goetz.
931 3341 994 3379 cum
1017 3319 1194 3380 Ribbeckio:

61 3423 166 3498 „med
190 3420 358 3500 equidem“.
403 3425 453 3483 R.:
493 3426 669 3498 „miserebat
696 3420 834 3484 harum“.
877 3417 1041 3484 miserebat
1060 3424 1196 3484 ultimam

71 3527 225 3604 producit,
241 3547 268 3584 v.
282 3524 399 3600 Proleg.
413 3546 442 3603 p.
459 3529 527 3587 196.
544 3557 580 3567 -
600 3523 698 3604 Erpa,
717 3530 844 3601 ironice;
869 3548 936 3586 nam
956 3528 1105 3605 parasitus
1122 3526 1196 3584 nihil

70 3631 158 3702 fecit,
181 3649 239 3706 quo
262 3629 428 3706 pulsantem
454 3637 627 3689 moraretur.
896 3636 900 3642 ’

164 3734 233 3790 331.
264 3731 472 3790 Trocbaeorum
495 3735 612 3791 initium
635 3734 706 3791 facit
727 3732 845 3790 brevior
873 3749 990 3802 versus,
1025 3732 1076 3807 qui
1104 3737 1137 3789 ut
1166 3735 1197 3788 et

73 3840 143 3914 ipse
170 3836 355 3913 septenarius
384 3833 484 3907 fieret,
519 3833 622 3893 Goetn.
646 3841 715 3914 post
747 3831 836 3907 „nos“
862 3831 961 3890 addit:
999 3827 1056 3905 „sn
1082 3823 1205 3892 Gelasi-¹

73 3933 195 3998 must?“
221 3957 324 4014 perum
347 3937 480 3996 feliciter.
530 3936 714 4012 Responsum
739 3930 908 3996 Pinacium
929 3936 1081 3994 Acidalius
1109 3943 1139 3994 et
1160 3934 1195 3996 R.

72 4043 210 4119 parasito
232 4039 416 4112 tribuerunt,
447 4039 585 4116 idemque
608 4042 721 4098 incuria
749 4041 779 4096 in
809 4045 941 4098 nostrum
966 4043 1134 4097 contextum
1157 4042 1196 4098 ir·

73 4143 179 4219 repsit,
192 4142 214 4201 (l
226 4150 305 4201 recte
318 4144 375 4222 ipsi
388 4143 508 4201 Pinaoio
521 4143 582 4200 dat.
596 4171 633 4182 -
655 4144 725 4201 332.
738 4137 781 4200 ad
790 4141 826 4200 A.
840 4171 881 4180 -
894 4142 965 4199 333.
978 4135 1197 4199 indiderumld

75 4251 108 4304 et
125 4245 156 4304 (l.
201 4242 345 4318 maiorer,
369 4248 404 4303 of.
425 4247 494 4304 303.
507 4273 549 4285 -
563 4246 633 4303 335.
658 4238 749 4302 Mein
766 4243 930 4321 Scioppius,
953 4264 980 4301 v.
994 4243 1032 4300 ad
1043 4243 1111 4301 Aul.
1126 4245 1195 4301 237.

73 4381 118 4390 -
143 4351 213 4409 338.
237 4342 296 4423 Ita,
320 4350 355 4407 cf.
381 4349 419 4407 ad
436 4349 517 4406 Pers.
536 4350 607 4408 471.
636 4377 677 4388 -
702 4347 809 4421 „caleri
833 4347 978 4405 curriculo
1000 4341 1073 4416 fui“,
1096 4363 1196 4422 qnam·
