3002 5000
771 477 863 532 runo
1165 477 1187 543 1,
1209 480 1230 544 1,
1249 477 1341 543 ree
1361 479 1378 528 4

701 667 932 749 Soporirlio

663 776 696 842 Si
719 776 752 841 id
775 776 863 841 domi
885 783 973 841 esset
995 775 1082 854 mihi,
1105 774 1173 838 iem
1196 775 1378 857 pollicerer.

257 887 327 951 Hoc
349 907 457 952 meum
479 893 529 951 est
552 893 588 950 ul
610 884 727 950 faciam
751 883 873 950 sedulo.

736 991 899 1057 Toxilus

775 1099 941 1183 Quidquid
965 1101 1037 1180 erit,
1061 1100 1171 1184 recipe
1194 1106 1227 1164 le
1250 1099 1293 1164 ad
1317 1121 1377 1164 me.

257 1189 383 1267 Quaere
406 1195 524 1252 tamen.

702 1295 931 1378 Saporislio

459 1403 530 1487 Apo
554 1425 613 1486 ego
636 1404 670 1468 id
694 1405 817 1484 sedule,
840 1406 867 1468 ei
891 1404 969 1488 quid
993 1406 1064 1468 erit.

734 1512 899 1577 Toxilus

973 1621 1041 1685 lam
1065 1629 1101 1685 ut
1124 1622 1218 1700 scias,
1243 1621 1378 1687 obsecro

257 1729 458 1810 Resecroque
480 1734 522 1809 te,
545 1750 677 1814 operam
701 1730 743 1795 da
765 1729 849 1794 hauc
873 1729 951 1793 mihi
973 1728 1113 1794 fidelem.

703 1837 932 1920 Sagaristio

1000 1922 1059 2002 Ah,
1083 1923 1158 1988 odio
1182 1945 1233 1990 me
1256 1926 1377 1990 enices.

735 2031 900 2096 Toxilus

257 2140 384 2206 Amoris
406 2142 498 2219 uitio,
522 2162 586 2205 non
610 2161 690 2218 meo,
715 2162 801 2205 nunc
822 2141 884 2206 tibi
906 2140 1092 2224 morologus
1114 2140 1165 2206 fio.
1343 2157 1380 2210 50

705 2247 929 2330 Saporislio

256 2361 299 2421 At
321 2356 377 2439 pol
400 2377 459 2439 ego
481 2357 545 2423 abs
567 2364 600 2421 te
623 2377 827 2422 concessero.

736 2463 899 2528 Toxilus

839 2572 950 2636 Iamne
975 2571 1067 2637 abis?
1089 2570 1173 2637 bene
1196 2571 1378 2636 ambuleio.

258 2681 321 2747 Sed
333 2683 441 2765 recipe
455 2703 552 2763 quam
570 2684 708 2764 primum
721 2689 830 2764 potes3
853 2701 934 2744 caue
947 2678 1019 2744 fuas
1031 2681 1110 2744 mihi
1123 2681 1156 2744 iu
1169 2685 1379 2764 quaestioue3

259 2790 368 2872 Usque
386 2811 442 2856 ero
462 2790 557 2864 domi,
582 2790 658 2853 dum
677 2809 836 2854 excoxero
858 2787 968 2852 lenoni
991 2789 1109 2851 malum
1132 2808 1198 2852 reor
1221 2806 1378 2870 myrram.

712 3303 915 3372 SATURIO

256 3459 409 3526 Ueterem
432 3465 531 3542 alque
554 3459 724 3543 antiquom
747 3465 920 3542 quaestum
944 3459 1102 3523 maiorum
1123 3475 1226 3522 mecm

257 3569 358 3635 Seruo
380 3574 481 3651 etque
504 3566 635 3652 optineo
659 3573 693 3632 et
715 3587 832 3650 magua
855 3587 928 3632 cum
952 3587 1031 3631 cura
1053 3567 1134 3631 colo.
1350 3583 1383 3636 55

256 3676 340 3742 Nem
362 3697 540 3759 numquam
564 3676 736 3760 quiequam
761 3697 905 3740 meorum
929 3675 1088 3740 maiorum
1112 3670 1182 3753 fuit,
1288 3669 1290 3674 ’

256 3786 341 3864 Quin
364 3783 576 3870 percellendo
599 3785 751 3868 peueriut
773 3791 904 3848 uentree
927 3804 1015 3848 euos.

340 4026 374 4079 46
393 4023 586 4094 ampollicerer
647 4025 704 4096 λ47
722 4026 834 4076 menneo
852 4023 878 4076 B
964 4021 1082 4090 recipite
1101 4019 1176 4076 aec
1260 4019 1331 4078 Pcet
1349 4026 1383 4076 47

213 4170 214 4176 ¹
256 4129 278 4166 υ.
298 4113 333 4165 45
349 4113 449 4178 reperit
466 4109 493 4165 Β
549 4111 583 4163 48
601 4115 695 4162 tamen
714 4125 766 4175 ego
785 4109 852 4161 item
872 4108 970 4162 redulo
1031 4108 1148 4162 obreero
1167 4123 1216 4162 om.
1275 4109 1309 4160 49
1329 4107 1384 4163 Ob·

256 4213 336 4250 recro
354 4193 712 4264 teissreeeerossssopcram
770 4194 913 4247 moenicar
930 4193 958 4247 B
1015 4195 1048 4246 50
1065 4194 1225 4246 morolooue
1287 4195 1321 4247 52
1339 4213 1385 4250 re·

256 4284 342 4351 cipite
361 4299 444 4350 quum
497 4283 530 4334 52
549 4277 694 4334 mulumO
750 4297 810 4341 rem
827 4295 956 4346 magnum
975 4293 1026 4332 om.
1078 4281 1113 4332 54
1130 4277 1195 4332 muli
1213 4275 1248 4345 B,
1268 4279 1388 4335 meloC

256 4371 290 4424 55
308 4385 371 4422 cum
389 4365 532 4437 magnac*
598 4365 631 4418 56
650 4381 775 4418 meorum
792 4363 821 4418 Β
890 4365 923 4416 57
941 4363 1042 4418 uereri·
1061 4363 1087 4417 B
