2890 5004
283 461 345 522 402
799 454 889 510 Plauti
1192 454 1385 522 lucre-ss

717 644 965 710 Diniarchus

284 752 321 816 Id
345 774 475 838 quoque
498 753 629 816 interim
652 752 783 817 futatim
807 775 923 818 nomeu
946 753 1258 818 commemorabitur.

285 861 369 925 Num
393 862 471 944 quid
494 861 568 924 uis?

708 987 983 1053 Phronesium

521 1095 586 1159 Fac
609 1097 729 1160 ualeas.

718 1232 970 1297 Dinis-robus

722 1341 850 1424 Operae
873 1341 928 1406 ubi
953 1342 1030 1406 mihi
1055 1343 1127 1424 erit,
1152 1339 1195 1405 ad
1216 1348 1248 1406 te
1270 1361 1386 1404 uenero

708 1485 978 1550 Phronesium

285 1595 343 1658 Ille
366 1596 498 1678 quidem
521 1595 596 1658 hinc
618 1595 709 1673 abiit,
733 1593 901 1658 abscessit.
948 1595 1063 1658 Dicere
1087 1593 1140 1657 bic
1162 1591 1292 1675 quiduis
1312 1593 1392 1656 licet.

286 1703 407 1770 Uerum
430 1711 479 1768 est
508 1703 657 1782 uerbum,
686 1703 773 1786 quod
803 1709 1016 1767 memoratur:
1052 1701 1108 1766 ubi
1137 1702 1248 1778 amici,
1281 1701 1396 1765 ibidem
1436 1697 1437 1720 ²

997 1815 1071 1874 suot
1093 1831 1181 1892 opes.
1354 1829 1396 1878 sue
1436 1805 1437 1820 ³

286 1921 425 2003 Propter
447 1920 532 1983 huno
555 1941 627 2003 spes
651 1923 783 1984 etiamst
806 1919 902 1982 hodie
920 1918 1020 1998 probe
1041 1923 1167 1983 tactum
1189 1919 1230 1982 iri
1255 1919 1398 1982 miiitem.

286 2029 387 2106 Quem
411 2051 470 2112 ogo
494 2036 625 2091 ecastor
647 2049 740 2111 mage
759 2049 831 2090 amo
850 2048 949 2110 quam
969 2049 1028 2107 me,
1051 2027 1128 2092 dum
1145 2027 1180 2091 id
1199 2027 1285 2110 quod
1307 2029 1398 2110 cupio

997 2135 1072 2200 inde
1096 2135 1219 2200 aufero.

286 2245 418 2326 Quippe,
443 2267 540 2328 quom
564 2251 703 2314 multum
726 2244 932 2324 abstulimus,
956 2245 1042 2308 baud
1061 2245 1097 2308 id
1114 2245 1250 2308 multum
1267 2258 1403 2328 apparet
1437 2245 1438 2282 i

998 2354 1086 2437 quod
1110 2353 1223 2418 datum
1247 2360 1315 2432 est3

287 2462 339 2526 Ite
362 2469 439 2526 sunt
460 2462 584 2544 gloriae
609 2463 823 2528 meretricum.

726 2607 968 2689 Astaphium
1438 2625 1439 2682 i

849 2713 932 2794 Aha,
955 2719 1038 2779 tuce.
1438 2709 1439 2720 ³

710 2858 978 2924 Phronesium

1071 2964 1156 3041 Quid
1179 2973 1232 3030 est
1255 2967 1404 3034 obsecro?

725 3073 968 3156 Astaphium

290 3183 386 3249 Potor
407 3183 501 3248 adest
524 3183 626 3266 pueri.
672 3183 750 3247 Sino
774 3205 908 3266 eumpse
932 3184 1023 3248 adire
1046 3183 1133 3247 huc?

717 3338 979 3403 Phronesium

937 3447 1023 3523 Siue,
1047 3447 1076 3510 si
1097 3447 1126 3510 is
1150 3451 1207 3524 est,
1232 3449 1406 3516 moderor

729 3533 970 3675 Astaphium

375 3941 426 3992 872
444 3939 705 3992 commemorauiter
722 3937 764 4006 Β,
788 3938 1051 3992 commemorabiter
1070 3935 1094 3992 0
1223 3939 1279 3992 ste
1299 3939 1404 3994 fecultu

292 4043 375 4094 opere
454 4027 505 4076 874
523 4026 638 4078 secessit
655 4024 692 4089 Β,
712 4025 871 4078 accessitO
947 4027 1009 4092 quis
1027 4022 1160 4078 uidelicet
1239 4026 1296 4078 875
1317 4025 1405 4080 ibidem

292 4112 418 4178 (ibildem
436 4109 474 4175 Β)
493 4128 564 4179 opus
600 4171 603 4179 ¹
655 4112 706 4164 876
741 4111 826 4164 etiem
844 4129 872 4164 se
891 4109 975 4164 hodie
993 4115 1103 4164 tentum
1122 4110 1176 4162 rim
1195 4109 1278 4164 litem
1369 4111 1404 4162 ST·

292 4215 344 4266 ego
363 4196 456 4251 ΜΟ
509 4212 643 4264 emaque
662 4215 705 4250 me
764 4197 905 4251 dudumC
959 4195 1073 4250 ouferue
1090 4194 1127 4262 Β,
1147 4193 1268 4248 Auferre
1289 4197 1318 4251 G
1368 4193 1407 4249 ste

292 4285 349 4352 Quis
367 4282 402 4337 Β.
422 4283 526 4352 quoeO
592 4289 699 4336 mutum
770 4301 804 4336 au
823 4283 857 4349 R,
878 4279 963 4336 autc
1038 4287 1118 4334 mutu
1161 4283 1243 4339 ,880
1261 4281 1406 4338 Paterom

360 4371 419 4424 sine
438 4387 499 4422 eum
518 4369 578 4436 ipse
650 4370 722 4421 hunc
791 4371 840 4422 eei
862 4369 939 4438 Ipsus
959 4373 1003 4422 est
1019 4383 1070 4422 ons.
