3002 5000
105 509 154 577 Π,
172 513 196 577 4,
214 512 322 566 84-93
626 510 717 565 Paroa

604 701 674 768 Uir
709 721 727 764 o

104 807 194 886 Quae
216 809 296 874 mihi
319 811 446 876 sitnisi
468 809 561 890 haec,
584 809 641 874 nbi
663 723 749 876 nimo
773 814 867 876 sum?

561 982 766 1049 Dordalus

627 1089 670 1155 nt
693 1110 753 1174 ago
775 1087 865 1155 illam
888 1111 1020 1174 quaero,
1045 1111 1131 1175 qnae
1153 1092 1225 1157 fuit.

604 1261 674 1330 Uir
707 1281 724 1325 o

99 1371 204 1438 Omne
227 1391 286 1455 ogo
310 1391 369 1455 pro
392 1370 494 1436 nihilo
517 1391 591 1436 aoso
614 1283 707 1449 duod,
731 1371 818 1454 quod
841 1370 913 1450 fuit,
935 1371 1068 1452 quando
1091 1371 1162 1450 fuit,

97 1479 281 1564 Tamquam
309 1479 489 1562 hominem;
524 1478 657 1564 quando
690 1479 832 1545 animam
866 1476 1014 1556 aoflauit,
1048 1480 1223 1564 quidemn

816 1607 966 1670 quaeras,
992 1589 1049 1670 qni
1071 1588 1157 1654 fuit?
1175 1606 1226 1658 636

577 1744 744 1808 Toxilus

97 1853 151 1918 Ita
174 1874 226 1918 mo
249 1853 283 1917 di
305 1851 387 1919 bone
410 1858 534 1932 amant,
564 1853 737 1936 sapienter.
783 1851 891 1935 Atque
919 1850 1070 1935 equidem
1093 1852 1226 1919 miseret

813 1967 933 2026 tamon.

557 2115 766 2182 Dordalus

95 2224 162 2292 Sed
187 2230 313 2304 umen,
336 2226 444 2308 uirgo,
473 2246 558 2310 qnae
581 2225 690 2309 patria
712 2230 764 2290 ost
786 2229 859 2303 lna,
890 2242 950 2306 aga
973 2222 1053 2288 mihi
1075 2199 1223 2289 actutum

765 2407 774 2431 .
812 2332 938 2415 expedi.

94 2441 186 2520 Quid
209 2447 300 2508 tanos
323 2442 487 2526 patriam?

603 2581 674 2649 Uir
708 2604 725 2647 o

301 2692 438 2772 Quando
461 2693 595 2778 quidam
617 2605 811 2771 Ιιίοθεοτιιίο,
833 2689 915 2756 haaa
937 2691 1046 2775 patria
1068 2696 1119 2756 ast
1142 2711 1222 2756 maa.

580 2844 746 2912 Toullon

91 2957 245 3026 Tandem
266 2957 352 3024 istuc
373 2975 490 3039 rogare
513 2957 636 3022 omitte.
681 2953 881 3033 Non'uidaa,
905 2953 991 3019 nollo
1014 2953 1130 3037 eloqui,

91 3067 143 3134 Na
169 3086 303 3132 suarum
327 3085 362 3130 so
384 3065 590 3131 miseriarum
612 3065 647 3129 in
669 3062 862 3129 memoriam
883 3060 1041 3126 inducas?

560 3218 765 3285 Dordalus

973 3323 1061 3403 Quid
1082 3324 1153 3389 ost?
1172 3341 1224 3394 640

92 3438 266 3520 Captuuno
288 3441 339 3503 est
361 3437 477 3520 pater?

600 3576 633 3642 U
636 3578 722 3660 iryo

475 3689 547 3754 Non
571 3693 702 3770 captum
726 3686 785 3751 sad
808 3685 896 3771 quod
919 3682 1046 3765 habuit,
1069 3682 1221 3767 perdidit.

571 3841 742 3907 Toxilus

91 3953 187 4018 Haeo
210 3953 273 4018 erit
294 3951 381 4018 bono
403 3972 521 4038 genera
544 3957 639 4030 nata;
663 3948 745 4015 nihil
768 3950 832 4014 soil
854 3948 919 4014 nisi
941 3968 1055 4013 nerum
1078 3946 1178 4028 loqui.

180 4227 232 4280 633
252 4225 301 4279 illa
318 4223 346 4279 B
415 4226 467 4279 634
485 4225 571 4278 duodo
589 4222 642 4277 BG
707 4224 755 4276 135
774 4228 802 4276 aa
819 4221 900 4276 fluuit
916 4221 968 4276 Bu
1033 4221 1084 4274 638
1102 4219 1220 4289 patriam

92 4326 137 4366 om
158 4311 192 4379 A,
212 4309 284 4365 Diuo
303 4311 432 4380 equidem
451 4311 571 4379 patriam
589 4307 641 4363 BG
733 4308 811 4362 nonio
829 4306 856 4361 B
950 4308 1000 4360 hau
1092 4305 1220 4360 63912111

92 4395 129 4450 da
148 4395 219 4450 istoc
288 4395 366 4464 loqui
435 4396 619 4449 640mariam
638 4393 666 4448 B
735 4395 783 4448 641
803 4393 902 4448 habuit
919 4393 947 4450 id
