2920 4998
578 467 610 524 u,
629 470 773 524 aea-asa.
1172 475 1234 536 5⁷3

100 658 151 717 M.
176 657 297 720 Catonis
318 662 394 733 vitii,
418 682 478 721 non
500 661 596 722 laudis
618 662 694 722 fuit.
709 709 715 721 .
730 710 736 722 .
750 710 757 722 .
772 656 862 741 [eius]
881 664 942 723 heo
958 669 1040 722 sunt:
1065 664 1233 723 Auaritiam

100 766 209 821 omnia
238 767 312 822 uitia
341 763 450 822 habere
485 765 645 842 putabant;
687 772 891 842 sumptuosus,
933 765 1071 845 eupidus,
1105 767 1232 843 elegans,

98 867 244 938 uitiosus,
267 868 374 926 inritus
397 867 448 943 qui
470 865 647 940 habebatur,
670 870 696 927 is
718 865 928 927 laudabatur“.
958 869 994 927 of.
1012 868 1088 926 Non.
1111 890 1141 946 p.
1160 868 1231 929 465.

103 987 179 1026 anu.
203 969 240 1026 ad
262 969 326 1028 Mil.
352 971 442 1028 1228.
466 999 502 1008 -
528 972 598 1029 242.
623 964 903 1043 Latebm'colaram,
927 973 979 1048 qui
1001 970 1130 1030 latebras
1153 991 1233 1048 quae·

100 1077 188 1128 runt.
212 1099 253 1110 -
277 1072 474 1147 corrumpier
491 1073 525 1146 A,
551 1073 587 1132 cf.
609 1075 677 1132 115.
709 1104 744 1114 -
779 1068 912 1134 blandae
933 1069 1033 1149 inops.
1049 1072 1083 1130 R.
1108 1071 1232 1144 delevit3

100 1192 163 1232 nos
193 1194 258 1232 oum
285 1175 387 1234 Brixio
414 1177 562 1251 posterius
591 1182 723 1248 tantum;
758 1175 894 1255 Spengel.
924 1175 1173 1235 Reformvorsohl.
1202 1195 1232 1251 p.

103 1276 170 1334 268
197 1273 319 1356 „inpos“
345 1279 474 1354 scripsit.
531 1273 663 1338 celatum
686 1272 715 1353 (i.
739 1300 764 1338 e.
789 1272 967 1352 celatorum)
991 1273 1167 1355 indayulor,
1198 1284 1233 1337 ut

100 1378 318 1438 nihilomnino
341 1380 539 1458 relinquatur.
559 1411 600 1422 -·
625 1383 695 1440 243.
719 1377 806 1440 Nam
825 1377 879 1460 qui
895 1382 982 1442 amat
999 1375 1084 1456 quod
1100 1380 1231 1442 amutii.

101 1481 188 1540 Brix.
213 1485 325 1542 confert
353 1483 437 1542 Cure.
469 1485 537 1544 170.
605 1484 696 1544 Mero.
722 1487 793 1545 733.
859 1483 917 1543 Sed
948 1484 1135 1542 desideratur
1164 1489 1232 1542 ante

106 1583 229 1660 „quod“
255 1587 408 1660 genetivus
437 1587 666 1645 demonstrativi
688 1589 879 1666 pronominis,
903 1587 1006 1646 durius
1028 1589 1118 1644 etiam
1143 1588 1232 1645 omis·

102 1706 158 1744 sus
182 1707 268 1763 quam
290 1690 321 1745 in
344 1690 390 1761 iia,
435 1709 500 1766 quae
522 1689 559 1746 ad
583 1690 755 1768 amputo
779 1692 942 1749 attulimus.
988 1689 1102 1748 Ritsoh.
1129 1687 1228 1763 „eius“

104 1789 246 1848 addebat.
265 1805 412 1866 -quom
434 1787 587 1866 eoelemplo
611 1793 708 1864 Both,
732 1815 759 1852 v.
779 1792 815 1850 ad
834 1793 940 1869 Amph.
960 1793 1031 1850 858.
1052 1822 1094 1831 -
1114 1791 1229 1864 „aauis“

103 1891 194 1951 codd.
219 1893 358 1965 Palatini,
389 1901 419 1952 et
441 1896 482 1952 eie
504 1895 766 1971 pronuntiandum.
813 1894 883 1954 Cum
908 1889 1068 1970 sapitlalis
1090 1894 1126 1952 ol.
1153 1894 1230 1968 „Ve-

104 1998 189 2054 neris
212 1992 347 2070 sagittae“
374 1997 453 2074 apud
476 1997 595 2055 Lueret.
618 1995 668 2069 IV,
695 2000 786 2058 1278.
837 1997 880 2055 De
902 1997 1075 2073 paenultima
1097 1997 1180 2055 brevi
1203 2017 1230 2056 v.

104 2099 226 2176 Proleg.
250 2123 278 2177 p.
305 2102 373 2160 199.
401 2129 439 2138 -
472 2101 544 2158 245.
574 2095 606 2160 si
628 2097 738 2173 audet,
770 2101 805 2160 of.
831 2101 867 2158 ad
890 2100 980 2159 Poeu.
1005 2101 1134 2160 756.-
1159 2100 1231 2158 246.
1316 2115 1320 2125 ·

104 2195 171 2262 Ibi.
205 2202 239 2260 In
255 2204 289 2260 A.
304 2202 417 2260 Riteoh.
460 2198 556 2276 „abi“
577 2203 710 2278 legebat,
739 2203 875 2279 equidem
897 2201 1001 2276 „Aet“.
1024 2233 1067 2242 -
1094 2196 1231 2276 cuculus,

104 2327 135 2366 v.
162 2305 199 2364 nd
222 2309 306 2364 Asin.
330 2307 401 2365 914.
456 2305 498 2365 Ut
520 2325 622 2364 versus
645 2309 770 2365 creticus
798 2305 898 2378 fieret,
932 2308 1058 2382 primam
1088 2304 1230 2380 syllabam

104 2410 234 2486 produci
256 2413 358 2467 contre
381 2409 580 2485 posteriorum
599 2428 683 2466 usum
703 2409 808 2466 statuit
826 2408 905 2466 Brix.
941 2407 1055 2466 Deinde
1071 2407 1147 2465 idem
1166 2428 1231 2466 oum

103 2512 260 2570 Lindem.:
289 2509 331 2584 „O
351 2507 475 2568 ocelle“.
488 2541 528 2550 -·
540 2503 605 2584 flat,
623 2531 651 2570 v.
664 2511 700 2568 ad
715 2510 800 2569 Cure.
814 2513 885 2569 671.
898 2541 940 2550 -
952 2511 1022 2570 248.
1044 2506 1231 2588 pendentem

102 2608 191 2688 ferit,
216 2614 294 2690 quod
318 2614 411 2672 servis
433 2613 498 2672 fieri
521 2613 644 2684 solebat,
674 2636 701 2671 v.
726 2613 763 2670 ad
787 2614 875 2671 Most.
903 2615 993 2671 1147.
1017 2643 1057 2652 -·
1082 2614 1142 2671 249
1167 2591 1230 2671 oum

104 2715 290 2774 Buechelero
314 2716 420 2776 Annal.
445 2715 516 2794 phil.
540 2715 636 2773 XCIX
658 2738 687 2794 p.
713 2719 773 2774 488
802 2718 935 2793 spuriam
964 2715 1069 2773 habeo.
1096 2743 1133 2754 -·-
1159 2716 1231 2774 250,

104 2821 151 2877 A:
187 2817 453 2890 QUODEB.BIT.
509 2817 553 2876 Ex
582 2818 666 2876 codd.
698 2821 790 2894 igitur
818 2818 1005 2877 scribendum
1036 2823 1100 2874 erat
1132 2818 1230 2894 „quod

106 2919 238 2994 ebibit“;
261 2923 313 2980 sed
334 2921 550 2998 praeferendum
574 2941 637 2979 oum
658 2921 838 2979 Bueolielero
862 2914 971 2979 ecbibil
994 2940 1029 2978 ex
1048 2919 1153 2990 Nonio,
1178 2922 1230 2995 qui

38 3085 40 3090 ,
105 3027 187 3084 launo
209 3043 324 3084 versum
348 3022 473 3082 laudans
500 3043 529 3100 p.
555 3024 592 3082 81
616 3023 715 3099 „quod
744 3028 774 3081 'et
803 3018 896 3080 bibit“
928 3022 1027 3080 habet.
1093 3021 1175 3079 Idem
1198 3042 1228 3098 p.

106 3128 171 3188 484
192 3127 288 3203 ,quod
312 3124 436 3198 abibit“,
461 3127 509 3184 abi
529 3128 662 3201 exemplo
681 3125 768 3184 affert
784 3127 884 3184 formae
901 3119 1022 3200 sumpti
1037 3143 1093 3202 pro
1114 3144 1231 3201 „sump-

105 3227 188 3300 tue“,
218 3231 253 3288 of.
276 3229 367 3299 Neue,
390 3228 538 3287 Formenl.
560 3229 574 3286 l
596 3249 626 3306 p.
649 3230 708 3288 352
728 3249 772 3304 sq.
795 3258 837 3269 —
861 3230 931 3288 251.
956 3218 1091 3298 familia.
1133 3225 1229 3286 Etiam

107 3337 137 3390 in
163 3333 293 3392 Terentii
318 3331 653 3390 Heautontimorumeno
677 3334 770 3389 amica
793 3333 875 3389 venit
898 3351 962 3388 cum
983 3347 1090 3405 magna
1109 3330 1229 3402 familie,

107 3457 135 3496 v.
162 3438 232 3509 751,
257 3436 328 3507 739,
353 3435 424 3492 744.
454 3461 495 3473 -··
525 3435 593 3493 252.
631 3427 810 3509 Ueslisplca
833 3437 872 3505 A,
908 3434 943 3493 oi.
973 3433 1087 3492 Nonius
1115 3454 1144 3511 p.
1179 3434 1231 3492 12:

109 3537 288 3615 „Vestispioi
311 3537 540 3614 appellabantur
568 3540 696 3596 vestium
721 3537 858 3595 ouetodee
880 3539 957 3596 servi
980 3536 1059 3612 quod
1083 3536 1232 3612 frequenti

107 3641 265 3717 diligentie
297 3643 388 3698 vertis
421 3641 587 3716 inspiciant.
658 3639 781 3697 Plautus
811 3639 983 3697 Trinummo
1013 3631 1053 3712 (v.
1086 3639 1144 3696 251
1175 3657 1230 3714 sq.,

107 3748 139 3804 in
160 3764 218 3820 quo
239 3738 426 3820 „vestispici“
451 3740 546 3818 legit),
569 3742 709 3799 Afranius
721 3741 862 3818 Vopieoo:
887 3741 964 3798 Noui
982 3759 1040 3798 non
1063 3741 1230 3798 inscitulam

107 3847 296 3922 ancillulam,
332 3851 449 3904 nostrae
476 3846 524 3902 hic
552 3865 619 3903 erae
648 3846 849 3920 uestiepioam.
907 3843 999 3901 Varro
1021 3842 1141 3921 Peppo:

109 3951 313 4026 uestispioam,
348 3949 427 4024 quod
456 3955 567 4005 uestem
588 3944 733 4022 'spiciat“.
768 3947 803 4005 el.
827 3945 945 4003 Reines.
975 3944 1068 4003 Insor.
1092 3943 1149 4018 Xl,
1174 3948 1230 4004 95:

111 4052 322 4128 „Philodamus
356 4050 387 4110 O.
419 4050 530 4126 Sulpioi
558 4047 699 4126 vestisp.“
759 4047 789 4106 C.
814 4047 837 4106 I.
861 4047 895 4105 L.
920 4049 1017 4106 9912:
1055 4051 1233 4124 „vestispioa

108 4153 230 4215 fratri“.
275 4155 308 4212 R.
336 4149 567 4229 „Vestiplioam“
600 4152 661 4226 ed.,
700 4171 765 4228 quie
792 4153 942 4208 invenitur
964 4153 994 4206 in
1016 4151 1179 4227 glossariis,
1203 4172 1230 4209 v.

109 4259 208 4318 Loew.
229 4258 303 4316 Ann.
322 4256 395 4333 phil.
419 4255 484 4314 CXI
506 4276 536 4333 p.
557 4258 626 4314 534.
672 4254 771 4326 Quint.
797 4253 878 4311 Decl.
904 4254 975 4311 363.
1021 4251 1051 4311 Ο.
1076 4253 1099 4311 I.
1124 4252 1157 4310 L.
1181 4250 1230 4324 VI,

110 4362 204 4421 7301.
229 4361 321 4419 9901.
347 4361 438 4418 9981.
471 4357 524 4431 ΙΧ,
550 4360 641 4418 3318.
677 4359 712 4416 of.
737 4357 800 4414 Mil.
826 4358 903 4416 696:
938 4348 1231 4433 ,plioatrioem“.-
