2920 4998
224 434 286 496 554
724 426 844 485 Stichus.

223 619 352 682 tuendus
375 627 440 681 erat
460 641 599 682 numerus
622 623 796 697 cyathorum
819 625 925 700 cuique
954 622 1060 700 poculo
1082 623 1307 699 infundendus,
1332 644 1362 682 v.

224 726 307 786 Pers.
331 727 391 784 769
415 744 458 801 sq.
492 724 564 784 Hor.
589 723 644 784 Od.
667 723 719 799 111,
747 727 925 799 19,12.al.
959 724 1076 784 Stichus
1099 726 1232 802 quinque
1257 727 1362 786 iubet.

222 827 258 886 In
280 847 345 886 eam
367 847 430 886 rem
453 826 540 886 affert
557 826 691 886 Gracum
715 827 907 905 proverbium
924 829 941 900 ἢ
960 829 1037 884 πέντε
1055 830 1142 884 πίνειν
1163 829 1180 882 t
1202 827 1257 906 τρί’
1283 829 1364 903 hyat,

223 933 343 1007 τέτταρα,
372 930 452 1006 quod
475 929 603 988 afferunt
624 929 777 988 Plutarch.
800 929 854 1001 Qu.
878 949 962 989 conv.
984 928 1039 1002 III,
1062 931 1090 1003 9,
1117 931 1143 987 1.
1188 929 1309 989 Athem
1333 931 1364 988 X

223 1053 252 1110 p.
277 1035 337 1092 426
362 1032 391 1091 (1.
435 1031 520 1092 Euat.
543 1032 574 1091 in
597 1031 652 1093 Od.
675 1052 704 1108 p.
732 1034 812 1092 1624
836 1035 928 1106 extr„
958 1035 1097 1090 contorte
1127 1031 1295 1091 admodum
1321 1033 1362 1092 ad

223 1139 433 1213 temperaturae
466 1137 613 1194 rationem
641 1135 820 1207 referentes,
861 1154 953 1210 quum
986 1134 1161 1210 simpliciter
1193 1155 1360 1194 numerum

224 1238 396 1314 cyathorum
418 1236 531 1296 indicet
553 1240 616 1295 sire
639 1238 713 1296 meri
735 1237 797 1296 eive
815 1238 901 1294 mixti
918 1238 990 1295 vini.
1034 1237 1136 1296 Graeca
1148 1237 1261 1310 Plauti,
1288 1259 1360 1315 quae

224 1341 250 1399 A
274 1342 382 1416 emisit,
406 1342 497 1399 ceteri
519 1338 635 1399 Latinis
656 1341 766 1398 litteris
788 1339 914 1398 reddero
937 1340 1035 1398 conati
1057 1345 1142 1413 aunt;
1170 1339 1235 1398 haec
1259 1342 1359 1400 fuisse

224 1448 363 1521 apparet:
391 1445 408 1513 ly
430 1444 507 1499 πέντε
530 1441 585 1498 πῖν’
609 1444 626 1514 ἢ
647 1445 709 1519 apta
731 1441 786 1498 πῖν’
810 1443 826 1512 ἢ
847 1443 884 1516 μὴ
905 1444 1025 1517 τέτταρα.
1076 1441 1125 1501 Sic
1152 1461 1223 1500 varo
1245 1461 1359 1502 versus

223 1545 299 1622 pede
322 1546 440 1622 longior
461 1542 508 1618 fit,
537 1564 629 1621 quare
652 1544 687 1603 R.
711 1546 795 1622 priua
818 1549 879 1601 πῖνε
902 1545 1003 1604 omisit
1025 1546 1088 1602 veri
1110 1544 1237 1604 similius
1262 1565 1358 1622 quam

224 1648 304 1725 quod
326 1649 358 1705 in
380 1648 460 1705 notis
482 1644 629 1723 significat
651 1646 716 1705 fieri
743 1665 847 1724 posse,
877 1651 911 1706 ut
939 1648 1103 1706 scribatur:
1141 1645 1317 1720 „Cantiost:
1343 1651 1358 1718 ἢ

224 1745 313 1809 cett.“
340 1779 377 1790 -
405 1751 474 1808 707.
510 1747 672 1824 Sangarius
700 1755 844 1826 quantum
873 1751 935 1808 vini
963 1752 993 1808 in
1021 1749 1210 1826 propinando
1239 1749 1355 1824 hausit,

223 1857 341 1912 tantum
365 1871 446 1930 aquae
470 1850 602 1910 Stichum
625 1852 684 1910 sibi
705 1853 805 1928 ipsum
827 1847 938 1911 indere
959 1853 1056 1924 iubet,
1085 1851 1122 1911 cf.
1146 1855 1218 1912 759.
1258 1852 1356 1931 Epid

226 1957 298 2015 639.
334 1954 397 2012 Cas.
413 1955 483 2013 227.
518 1954 694 2014 Moram.
742 1951 933 2029 „decumum“
954 1975 991 2014 ex
1008 1953 1242 2030 ARitschelius,
1265 1957 1357 2033 quasi

224 2057 378 2133 cyathum,
408 2060 442 2114 ut
464 2055 623 2134 Sangarius
646 2077 706 2116 non
730 2061 861 2134 quinqua
883 2057 935 2116 sad
958 2058 1059 2118 decem
1081 2057 1204 2133 cyathos
1226 2057 1287 2116 sihi
1311 2061 1357 2117 in-

225 2160 336 2220 fudisse
359 2163 517 2234 statuctur,
542 2178 643 2219 eorum
666 2164 766 2219 autem
783 2180 874 2220 anum
892 2161 1027 2234 ebibere,
1050 2179 1156 2220 novam
1172 2161 1355 2236 relinquere,

225 2263 306 2339 quod
333 2281 430 2339 neque
464 2281 587 2339 usquam
621 2261 805 2337 significatur
838 2283 934 2340 neque
968 2265 1088 2323 omnino
1126 2263 1208 2322 credi
1239 2268 1354 2340 potest

224 2365 330 2441 Itaque
364 2361 524 2424 decumam
556 2365 680 2440 retinui,
714 2370 749 2424 ut
779 2385 810 2424 se
839 2366 991 2425 decumam
1018 2367 1243 2443 praesumpsisse
1270 2365 1358 2424 dicat

225 2487 283 2525 non
311 2473 476 2526 accuratam
504 2487 671 2526 mensuram
698 2468 833 2527 indicans
866 2468 917 2528 sed
951 2468 1039 2528 solito
1073 2468 1199 2545 ἀπαρχῆς
1231 2469 1356 2527 nomine

224 2575 321 2628 utens.
378 2563 467 2629 Fons·
500 2576 599 2628 autam
626 2590 685 2629 non
713 2571 858 2629 naturalis
887 2578 947 2646 est,
981 2570 1033 2630 sed
1061 2590 1128 2630 vas.
1142 2572 1237 2629 maius
1267 2590 1356 2648 aque

224 2673 458 2750 receptaculum,
498 2692 525 2731 v.
561 2673 657 2733 Oasin.
696 2675 764 2733 122.
836 2673 950 2732 Eodem
989 2672 1076 2732 modo
1116 2673 1197 2751 apud
1232 2672 1356 2734 Graece

225 2777 306 2852 κρήνη
330 2780 360 2834 et
382 2779 493 2853 κρουνὸς
515 2775 634 2849 dicitur,
658 2777 693 2835 cf.
719 2776 816 2834 Strah.
834 2776 887 2850 IX,
910 2779 935 2851 l,
959 2779 1007 2836 19.
1035 2806 1077 2816 -
1105 2777 1152 2834 Ab
1180 2775 1235 2833 hcc
1264 2796 1356 2834 versu

226 2880 251 2937 A
275 2877 383 2938 deficit.
414 2907 456 2918 -
486 2880 555 2937 708.
585 2873 675 2938 Bene
695 2893 756 2938 nos
778 2884 857 2953 cett,
881 2879 918 2938 cl.
941 2879 1022 2938 Pers.
1047 2881 1123 2938 772:
1157 2879 1257 2954 „Bene
1278 2880 1355 2937 mihi

226 2977 326 3040 cett.“.
372 2981 428 3038 Hic
451 2982 636 3040 accusativus
658 2984 780 3060 ponitur
802 2985 836 3040 ut
858 2981 957 3041 Tibul.
971 2981 1009 3056 ΙΙ,
1029 2984 1055 3055 l,
1077 2983 1125 3040 31.
1166 2981 1253 3041 ovid.
1266 2981 1354 3041 Fast

225 3082 263 3158 ΙΙ,
289 3085 365 3156 637;
399 3082 526 3143 fortasse
549 3082 651 3142 Gracc
676 3085 733 3142 fuit
760 3087 801 3142 Σὺ
828 3085 897 3159 ἡμᾶς
922 3105 961 3143 sc.
992 3086 1126 3161 πράττειν.
1150 3115 1192 3124 -
1221 3086 1281 3144 709
1307 3104 1353 3162 sq.

227 3186 262 3244 R.
279 3190 349 3263 post
369 3188 428 3245 733
452 3189 561 3264 posuit,
585 3189 672 3245 nimis
691 3187 841 3246 audacter.
887 3181 978 3260 Bibe,
1002 3181 1032 3247 si
1054 3181 1145 3259 bibis,
1167 3187 1257 3246 solita
1279 3187 1353 3246 hor·

225 3289 310 3347 tandi
332 3288 474 3364 formula,
498 3291 534 3349 cf.
560 3292 637 3349 716:
674 3269 766 3365 „Aga
789 3291 815 3348 si
839 3291 911 3367 quid
935 3285 1029 3368 agis“,
1051 3309 1080 3348 v·
1104 3289 1141 3348 ad
1164 3288 1253 3366 Epid.
1280 3291 1353 3350 197.

226 3420 266 3430 -
291 3393 362 3450 710.
386 3387 427 3450 Id
448 3387 534 3453 abest
555 3395 633 3466 cett,
658 3392 693 3450 cl.
712 3392 780 3451 Ter.
798 3392 891 3453 Andr.
911 3393 988 3451 sla:
1016 3391 1064 3466 ,id
1087 3395 1164 3450 enim
1187 3411 1261 3450 uero
1283 3391 1353 3450 hinc

225 3512 303 3552 nnnc
326 3489 440 3552 ahest“.
467 3523 504 3535 -
529 3497 602 3554 711.
632 3495 750 3554 Stichus
771 3501 929 3572 postquam
953 3495 1125 3554 cantharum
1149 3494 1260 3568 ebibit,
1283 3513 1350 3552 eum

226 3595 368 3673 Sangario
386 3597 489 3673 tradit,
512 3599 563 3674 qni
581 3599 681 3656 vinnm
698 3597 796 3657 hahet.
842 3598 912 3656 Haec
931 3598 1035 3657 verba:
1066 3589 1181 3658 Uirum
1204 3597 1237 3656 tu
1260 3589 1351 3655 habes

226 3698 261 3756 R.
285 3701 358 3758 mire
382 3698 525 3776 Sangario
548 3701 662 3760 tribuit.
685 3729 727 3741 —
751 3702 821 3760 717.
838 3696 1048 3777 pulpamenti,
1076 3721 1104 3759 v.
1128 3699 1166 3758 ad
1188 3699 1274 3758 Oura.
1299 3701 1350 3758 90.

226 3802 400 3880 Respondet
428 3802 560 3876 Stichus,
596 3804 621 3862 si
648 3805 686 3862 iis
714 3821 779 3880 quse
808 3805 908 3862 adsint
934 3822 1039 3882 parum
1067 3808 1223 3862 contentus
1247 3807 1288 3860 sit
1307 3833 1350 3842 —

227 3911 295 3963 sunt
322 3910 421 3964 cutem
444 3923 510 3982 quae
532 3923 622 3983 supra
644 3907 704 3964 689
729 3925 773 3982 sq.
796 3908 980 3965 enumeravit
1001 3935 1052 3979 -,
1079 3905 1155 3963 nihil
1176 3924 1207 3963 se
1230 3903 1348 3963 hahere.

227 4009 270 4065 Ac
282 4006 442 4084 Sangarius
454 4006 572 4085 quidem
592 4027 623 4066 se
640 4013 812 4067 contentum
832 4029 895 4068 esse
911 4009 1074 4085 respondet
1084 4029 1112 4066 v.
1127 4009 1201 4067 713:
1228 4001 1349 4067 Melius

229 4104 311 4184 dice,
345 4131 413 4169 nam
440 4115 492 4168 aut
520 4110 561 4168 sic
584 4109 773 4169 scribendum
795 4117 841 4172 eat
863 4117 915 4170 aut
940 4107 1065 4186 „dixis“,
1096 4115 1131 4169 ut
1152 4109 1248 4168 voluit
1271 4108 1347 4167 Pius.

227 4212 289 4272 Iam
312 4213 411 4286 addit,
446 4232 478 4271 ae
506 4233 542 4270 ne
570 4213 731 4292 cuppedias
755 4214 874 4291 quidem
897 4233 1016 4287 curare;
1050 4208 1217 4288 cuppedia,
1252 4213 1348 4270 neutri

227 4320 344 4393 generis
372 4316 476 4387 forma,
511 4321 607 4374 exstat
635 4317 724 4373 ctiam
758 4317 839 4393 Epit.
870 4316 948 4374 Feat.
979 4337 1008 4394 p.
1039 4317 1096 4386 48,
1132 4314 1203 4374 alibi
1235 4333 1349 4392 semper
