3002 5000
102 465 351 533 ffimwm
621 463 714 521 em

481 693 483 700 ·
587 656 749 720 Toxilus

104 766 223 844 Audin,
248 766 328 850 quid
352 767 420 830 ait?

610 871 640 940 U
644 873 731 956 irqo

363 981 446 1048 Nam
470 983 533 1047 etsi
556 1003 608 1048 ree
633 988 711 1047 aunt
732 981 866 1060 fractae,
890 983 987 1048 amiei
1010 989 1087 1047 sunt
1108 987 1230 1048 tamen.

569 1125 773 1192 Dordalus

101 1231 152 1297 Ne
176 1233 220 1297 ais
244 1231 351 1315 plora3
374 1232 479 1299 libera
502 1236 567 1299 eris
590 1241 745 1311 aetatum,
770 1233 798 1298 ai
820 1231 935 1298 erebro
958 1232 1065 1298 eadee.

104 1340 169 1406 Vin
193 1361 268 1406 mea
291 1341 383 1406 esee?

612 1449 640 1516 U
646 1451 731 1534 iryo

378 1556 460 1623 Dum
484 1557 614 1640 quidem
637 1577 677 1620 ne
701 1556 796 1622 nimis
820 1560 877 1625 diu
899 1565 957 1625 tua
980 1560 1052 1640 sim,
1075 1559 1159 1624 uolo.
1180 1577 1232 1629 654

591 1703 754 1767 Toxilus

104 1809 202 1876 Satin
224 1815 262 1875 ut
285 1811 430 1877 meminit
451 1809 639 1876 libertatis?
661 1809 762 1876 Dabit
784 1810 866 1877 haee
888 1811 948 1875 tibi
967 1811 1101 1894 grandia
1127 1809 1230 1877 bolos.

109 1922 191 2002 Age,
213 1921 240 1984 ei
264 1918 344 2003 quid
366 1919 453 2000 agie;
476 1940 535 2002 ego
559 1918 601 1984 ad
624 1917 711 1983 hune
733 1919 842 1984 redet).
894 1919 1047 2005 Sequere.
1077 1955 1119 1966 -
1147 1918 1232 1984 Red-

591 2015 593 2020 ’
824 2028 906 2093 duco
929 2027 1014 2094 hane
1035 2028 1107 2095 tibi.

566 2136 774 2201 Dordalus

103 2243 319 2325 Adulescens,
341 2247 397 2310 uin
419 2245 562 2311 uendere
584 2244 715 2310 istane?

559 2387 786 2470 Sayarietio

721 2496 826 2578 Magia
849 2495 941 2562 lubet
964 2516 1061 2580 quam
1085 2495 1232 2580 perdere.

567 2639 772 2704 Dordalus

99 2749 187 2814 Tum
211 2753 249 2814 tu
271 2768 375 2832 pauea
397 2749 432 2813 in
455 2746 558 2814 uerba
581 2746 706 2830 eonfer;
730 2748 785 2833 qui
809 2745 915 2826 datur,
938 2748 1023 2812 tanti
1045 2747 1165 2814 indica.

555 2890 605 2957 Sa
639 2891 785 2956 aristio

101 2999 240 3066 Faciem
263 2999 320 3073 ita.
342 3005 380 3064 ut
402 3004 435 3064 te
452 2999 537 3066 uelle
554 2913 660 3066 uidgo.
696 2999 778 3065 Eam
796 2999 881 3065 habe
898 2998 959 3065 tibi
977 3005 1106 3066 eentum
1125 2999 1231 3065 minis.

569 3141 775 3208 Dordalus

102 3229 253 3294 Nimium
275 3235 333 3294 est.

555 3335 786 3418 Saqaristio

285 3443 471 3527 Octoginta.

567 3567 771 3636 Dordalus

398 3677 539 3744 Nimium
563 3684 623 3744 est.

558 3813 788 3898 Sayarietio

539 3923 699 3989 Nummus
721 3921 836 3990 abesse
860 3923 938 3990 hine
960 3944 1025 3990 non
1048 3929 1236 4008 potestate

106 4032 209 4112 Quod
229 4053 317 4099 nune
340 4032 457 4098 dicam.

198 4269 1236 4339 fflmfflsswmofflmdfflfflwmwm

105 4354 1232 4425 emmemmmfflmmmmcfflmmB
