2890 5004
517 487 550 542 V.
569 488 713 542 eae-853.
1114 495 1176 557 457

51 685 216 759 παρατιλμῷ
243 686 344 761 puniri
371 683 476 743 solitos
506 703 584 755 esse,
620 683 697 761 quod
722 704 757 742 ex
781 684 988 760 Aristophanis
1010 683 1089 742 Plut.
1117 687 1175 744 168

50 787 131 844 male
155 788 308 846 intellecto
330 787 495 846 scholiastae
519 786 692 860 effecerunt,
722 786 770 845 hic
797 793 895 846 tamen
918 788 1004 860 longe
1029 787 1109 846 aliud
1132 808 1176 845 re·

50 890 236 965 quireretur.
282 889 364 948 Leno
387 911 446 950 non
469 890 618 962 adulterii,
642 889 693 947 sed
716 891 856 948 lenocinii
879 893 909 948 et
931 891 1065 947 avaritiae
1088 911 1177 949 causa

49 991 207 1052 vexandus
230 999 285 1066 est,
309 1013 364 1051 nac
386 992 529 1051 eiusmodi
553 1013 658 1069 poena,
683 1011 747 1069 quae
771 1012 870 1050 curam
894 997 925 1049 at
946 995 1088 1071 temporis
1111 1013 1177 1069 apa·

49 1097 124 1152 tium
157 1096 305 1173 postulet,
340 1095 391 1152 scd
419 1097 528 1154 iniuria
556 1097 708 1154 subitaria.
771 1093 878 1172 Itaque
899 1090 1045 1170 percellit
1072 1099 1177 1174 scripsi

49 1204 83 1255 ut
108 1199 182 1256 806.
239 1198 360 1257 Toxilus
389 1200 465 1277 pede
487 1207 571 1257 nates
595 1201 657 1256 eius
679 1197 823 1275 perculit,
858 1197 894 1256 cl.
919 1197 1019 1256 luveu.
1045 1202 1071 1272 6,
1098 1201 1176 1258 612:

53 1301 156 1369 ,aclea
178 1301 298 1378 pulsare
317 1297 433 1359 nates“.
458 1331 499 1340 -
522 1301 592 1359 844.
618 1301 796 1375 expunctae,
820 1303 838 1357 i.
859 1322 883 1358 6.
905 1299 1009 1360 delata
1033 1297 1072 1376 (v.
1092 1301 1177 1361 Curc.

52 1407 122 1462 585.
149 1404 222 1463 Cist.
238 1400 310 1479 186)
324 1404 370 1462 vel
382 1404 465 1461 nihili
478 1404 583 1474 factae,
603 1407 678 1462 utin
690 1403 812 1474 cinaedo,
834 1404 869 1462 cf.
885 1403 1013 1462 llartial.
1027 1403 1104 1478 XIV,
1122 1406 1175 1464 le:

52 1507 149 1580 „Alea
171 1527 265 1584 parva
287 1526 377 1565 nuces
401 1517 431 1564 et
452 1526 511 1565 non
534 1508 678 1565 damnosa
701 1506 831 1580 videtur3
856 1507 940 1584 Sope
958 1512 1056 1567 tamen
1076 1510 1176 1584 pueris

51 1610 179 1668 abstulit
201 1611 253 1668 illa
276 1606 392 1668 natcs“.
412 1639 449 1649 -
470 1612 540 1669 845.
565 1605 619 1668 Mi
633 1611 772 1684 patrone
794 1611 909 1685 scripsi,
932 1615 967 1666 ut
987 1610 1075 1684 Seyff.
1090 1610 1175 1669 Stud.

50 1733 78 1788 p.
108 1715 147 1772 14
176 1714 322 1785 „Patrone
345 1711 415 1771 mi“.
439 1742 481 1752 -
503 1707 517 1770 i
538 1707 624 1772 iutro
648 1712 693 1770 ed.
717 1733 761 1791 pr.
786 1742 827 1753 —
857 1713 927 1771 846.
958 1707 1067 1772 Meum
1088 1709 1176 1790 tyrta-

51 1812 139 1874 uiam
159 1817 257 1875 deleto
272 1813 356 1888 „me“
375 1815 523 1892 Spengel,
549 1835 603 1873 nec
625 1815 773 1874 ablativus
796 1835 889 1874 causae
912 1818 984 1872 setis
1007 1815 1177 1874 defenditur

50 1919 115 1976 loco
146 1919 234 1997 Gapt.
259 1921 332 1978 808.
358 1948 395 1959 -
422 1920 491 1977 847.
519 1912 653 1992 Quoiam,
678 1918 714 1977 cf.
739 1919 776 1976 ad
795 1918 883 1978 Most.
905 1919 995 1978 1113.
1044 1925 1094 1990 „ut
1121 1921 1177 1976 tibi

52 2017 144 2078 bene“
166 2022 260 2080 11.-
285 2023 355 2081 848,
380 2016 512 2080 sescenti
534 2018 665 2094 nummi,
689 2041 763 2098 quoe
785 2043 840 2100 pro
864 2022 1070 2100 Lemniselena
1094 2047 1176 2084 acce-

51 2131 138 2201 perat
162 2118 204 2200 (v.
230 2120 298 2200 37),
327 2124 379 2181 scd
402 2143 456 2201 pro
484 2122 591 2182 ficticia
620 2127 738 2203 captiva
766 2125 956 2203 deponderat.
1002 2129 1100 2206 aquai
1128 2130 1175 2190 ed.

52 2247 95 2303 pr.
131 2257 173 2268 -
209 2229 280 2288 850.
320 2223 383 2286 iam
416 2220 555 2301 supplici
587 2233 703 2306 transp.
737 2228 824 2288 Both.
859 2259 901 2271 -
943 2233 1014 2292 851.
1054 2231 1088 2291 16
1120 2233 1176 2292 hcc

52 2349 138 2388 versu
162 2330 371 2389 constituendo
395 2329 589 2389 Schmidtium
612 2337 729 2389 seculus
753 2351 817 2389 aum
841 2332 1002 2404 Quaesticn.
1028 2335 1064 2394 de
1089 2356 1175 2412 pron.

54 2433 128 2493 dem.
153 2434 259 2492 formis
287 2453 316 2510 p.
342 2436 396 2505 26,
431 2434 489 2491 nisi
517 2433 596 2510 quod
626 2433 676 2491 ille
707 2432 808 2506 „med“
843 2438 976 2514 scripsit,
1011 2458 1048 2496 ne
1076 2439 1175 2498 hiatus

55 2542 144 2608 esset,
170 2536 296 2596 sortasse
320 2542 409 2594 recte.
464 2534 629 2594 Delendum
652 2557 714 2595 csse
741 2536 857 2608 ,intro“
883 2547 917 2598 nt
940 2563 957 2598 a
979 2561 1067 2600 sensu
1088 2562 1174 2620 pror·

54 2657 100 2696 sus
135 2640 278 2712 alienum,
321 2642 411 2697 etiam
440 2639 489 2696 alii
524 2637 671 2697 videraut.
711 2668 751 2678 -
799 2643 870 2700 852.
914 2637 957 2701 Ta
991 2640 1175 2704 conuenisse

55 2743 240 2818 transposui,
276 2747 305 2801 et
334 2747 464 2800 extrema
490 2741 628 2819 supplevi
655 2747 688 2801 nt
716 2746 902 2818 septenarius
925 2746 1026 2821 fieret,
1060 2746 1174 2806 Camer.

56 2842 259 2917 „memineris“
286 2845 388 2904 edidit.
445 2844 611 2921 Utrumque
639 2865 756 2904 versum
785 2847 827 2904 sic
856 2851 1011 2908 constituit
1041 2850 1173 2909 Studem.

55 2949 156 3006 Annei.
187 2948 292 3024 philol.
325 2950 404 3008 1876
433 2968 463 3024 p.
488 2951 543 3007 65:
597 2947 629 3021 ,1
656 2951 687 3006 in
717 2968 842 3008 crucem.
883 2951 946 3011 DO.
974 2956 1021 3011 An
1053 2975 1098 3010 me
1127 2953 1175 3012 hic

55 3070 157 3126 parum
183 3053 341 3109 exercitum
366 3052 445 3108 hisce
467 3046 599 3109 habent?
632 3049 692 3111 ΤΟ.
718 3051 896 3113 Conuenisse
914 3063 943 3113 ta
963 3055 1099 3116 Toxilum
1115 3078 1174 3116 me·

56 3151 203 3228 mineris“,
226 3163 259 3210 ut
275 3156 315 3212 sit
331 3153 457 3211 dimeter
480 3156 606 3213 creticus
630 3174 694 3213 cuin
717 3157 951 3230 penthemimere
973 3161 1122 3218 trochaico
1145 3165 1176 3219 et

55 3251 301 3329 penthemimeres
330 3256 497 3314 trochaicus
520 3277 585 3315 cum
615 3258 742 3316 dimetro
772 3263 889 3320 cretico.
914 3291 954 3301 -
984 3264 1043 3321 853
1072 3269 1173 3322 utrum

57 3357 156 3417 Toxilo
175 3359 392 3418 continuandus
409 3361 449 3418 sit
469 3380 506 3418 an
523 3362 638 3419 cantori
657 3361 778 3434 dandus,
805 3364 988 3441 ambigimus,
1013 3388 1040 3424 v.
1053 3364 1173 3440 Proleg.

56 3480 82 3536 p.
108 3464 176 3522 173.
223 3464 308 3534 Quod
336 3466 366 3522 in
390 3463 474 3522 codd.
500 3462 619 3521 additur
651 3462 804 3541 „pantic“,
836 3466 870 3525 R.
900 3469 1015 3545 proleg.
1039 3469 1172 3527 Trinum.

57 3581 83 3637 p.
104 3565 189 3623 XXX
218 3569 383 3624 cantionem
411 3567 641 3642 interpretatur,
676 3568 712 3626 cf.
742 3567 832 3627 Stich.
864 3572 941 3644 758,
977 3576 1010 3628 ut
1043 3572 1173 3629 tibicinis

58 3673 155 3727 cantus
178 3667 308 3727 fabulam
330 3670 472 3728 clausisse
494 3670 689 3742 significetur.
