2898 4996
292 479 354 539 258
805 472 898 528 Plauti
1228 475 1249 540 Ι,
1267 475 1289 540 2,
1305 471 1382 526 Μ

291 663 356 728 Sed
378 663 442 728 hoc
466 663 609 726 animum
632 661 768 728 aduerte
793 670 892 745 atque
914 663 1007 728 aufer
1029 662 1227 728 ridicularia.

290 773 372 838 Nam
395 792 454 854 ego
478 770 591 834 dedita
613 791 714 854 opera
735 771 800 836 huc
822 773 866 837 ed
888 778 922 836 te
945 773 1050 836 uenio.

755 925 950 991 Callicles

1106 1011 1192 1090 Quid
1213 1012 1323 1077 nanis?
1423 1087 1424 1090 Ἴ

708 1142 987 1223 Megaronides

233 1243 237 1254 ’
290 1252 385 1318 Malis
407 1257 441 1316 te
463 1258 500 1317 ut
522 1250 633 1316 uerbis
656 1250 768 1315 multis
791 1251 930 1316 multum
954 1251 1145 1334 obiurigem.

750 1393 948 1460 Callicles

291 1483 389 1548 Meu?

705 1609 990 1692 Megaronides

417 1721 598 1803 Numquis
622 1724 672 1783 est
694 1718 747 1782 hic
769 1719 852 1784 alius
876 1727 1008 1804 praeter
1030 1743 1081 1786 me
1105 1729 1203 1804 atque
1224 1723 1276 1787 te‘?

759 1873 950 1940 Callicles

290 1964 392 2028 Nemo
416 1968 473 2026 cst.
949 2007 951 2012 -
1423 2051 1424 2060 ἵ

705 2091 991 2170 Megaronides
1423 2133 1425 2214 Ι

520 2200 605 2277 Quid
627 2206 664 2263 tn
686 2200 786 2282 igitur
808 2202 943 2283 rogitas,
965 2207 1040 2267 tene
1063 2203 1263 2285 obiurigem?
1358 2212 1382 2262 ιι
1423 2221 1425 2248 =

290 2311 362 2374 Nisi
384 2316 420 2374 lu
443 2330 493 2373 me
517 2309 665 2373 mihimet
687 2329 800 2374 censes
824 2311 985 2375 dicturum
1009 2311 1103 2376 mele.

289 2420 374 2485 Nam
398 2420 425 2484 si
449 2419 481 2482 in
505 2425 538 2482 te
560 2422 733 2500 aegrotant
755 2424 844 2482 artes
868 2420 1024 2503 antiquae
1045 2425 1133 2498 tuae,

292 2528 365 2612 [sin
386 2529 558 2592 immutare
581 2527 631 2590 uis
654 2527 821 2608 ingenium
845 2528 990 2592 moribus

291 2638 407 2702 Antei
432 2636 603 2700 demutant
626 2655 733 2700 mores
756 2636 921 2717 ingenium
943 2642 1036 2701 tuum
1422 2721 1423 2728 ἵ

291 2746 404 2830 Neque
427 2766 482 2808 eos
506 2745 658 2827 antiquos
682 2763 806 2822 sernas,
829 2749 882 2808 ast
904 2751 1018 2828 captas
1041 2743 1170 2827 nonna]
1359 2755 1382 2806 ll

292 2854 451 2919 Omnibus
474 2853 587 2916 amicis
609 2851 758 2915 morbum
782 2859 815 2916 tu
839 2853 978 2917 incuties
1001 2874 1144 2934 manem,

292 2963 338 3028 Ut
358 2971 392 3028 te
414 2962 525 3026 uidere
548 2960 728 3042 audireque
752 2961 878 3043 aegroti
901 2961 997 3027 sieut.

758 3113 950 3180 Callicles

294 3227 355 3305 Qui
377 3227 410 3289 iu
434 3231 574 3288 mentem
597 3225 689 3288 uenit
710 3222 771 3287 tibi
795 3225 898 3290 istaec
922 3224 1011 3290 dicta
1035 3225 1167 3291 dicere?

711 3383 994 3466 Megaronides
1104 3457 1106 3460 .
1240 3393 1243 3398 '

239 3525 242 3534 ·
295 3494 378 3572 Quia
401 3493 505 3558 omnis
529 3492 633 3557 bonos
655 3492 825 3576 bonasque
849 3493 1007 3559 adcurare
1031 3493 1180 3566 addecet.
1419 3569 1420 3576 ἵ

294 3603 518 3687 Suspicionem
541 3607 574 3665 et
597 3601 728 3684 culpam
750 3607 787 3666 ut
809 3601 851 3666 ab
875 3623 910 3666 ae
933 3609 1114 3684 segregent.
1359 3609 1381 3662 s]

760 3753 952 3821 Callicles

295 3866 367 3930 Non
390 3870 500 3949 polest
521 3869 697 3948 utrumque
719 3863 801 3929 fieri.

296 4021 498 4028 ---.--——-

380 4105 414 4156 67
432 4103 551 4158 aduenio
571 4101 623 4156 BC
714 4105 749 4157 66
767 4104 935 4174 obiurgitem
953 4103 987 4170 A,
1008 4103 1154 4172 obiurgem
1173 4103 1209 4172 B,
1228 4090 1383 4166 obuirccmC

296 4193 330 4245 69
347 4190 429 4243 Mene
447 4191 472 4241 A
525 4187 560 4240 ad
578 4188 650 4242 teC
697 4191 732 4242 70
749 4195 780 4244 tu
799 4207 849 4244 om.
867 4189 918 4244 BC
968 4191 1136 4258 obiurgente
1154 4189 1190 4250 B,
1209 4178 1382 4256 obuirgiteml'

295 4279 326 4330 71
348 4281 408 4329 tute
425 4275 493 4328 mihi
510 4290 556 4326 me
574 4272 625 4327 Bc
699 4275 734 4327 '12
752 4276 864 4344 aniiqne
882 4275 933 4332 BC
1002 4277 1035 4329 73
1054 4292 1102 4332 ocra
1122 4277 1147 4329 A
1222 4277 1255 4329 ’16
1271 4265 1380 4328 semesi

296 4363 329 4416 76
346 4362 477 4414 inculties
495 4361 529 4425 A,
549 4361 670 4413 iucuciee
688 4361 716 4413 B
785 4365 818 4414 80
836 4379 902 4430 apsa
918 4360 947 4414 Β
