3002 5000
125 483 180 550 ΙΙΙ,
202 487 224 552 1,
243 485 346 537 aa—40
658 485 750 541 Perua.

129 674 237 753 Quom
261 694 364 758 parua
385 681 465 739 natu
489 681 578 740 reete
602 678 769 760 praecipio
794 679 890 760 patri.

127 782 215 849 Nam
238 784 362 849 inimiei
385 780 505 848 famam
527 805 592 849 nou
616 786 674 862 ita,
699 793 736 848 ut
759 792 839 851 nata
860 794 920 862 est,
944 787 1061 853 ferunt.
1209 809 1260 862 350

613 904 779 969 Saturio

127 1012 261 1090 Ferant,
284 1019 426 1096 eantque
451 1014 483 1078 in
507 1032 694 1078 maxumam
718 1013 836 1077 malam
860 1036 998 1080 erucem.

127 1120 203 1186 Non
226 1141 286 1204 ego
308 1122 501 1186 iuimicitias
525 1121 630 1187 omnis
654 1121 756 1204 pluris
781 1129 930 1189 aestumo

128 1229 237 1308 Quam
260 1250 373 1294 mensa
394 1231 501 1295 inanis
524 1231 659 1295 nuncsi
683 1229 871 1314 adponatur
893 1232 981 1298 mihi.

632 1349 664 1416 U
667 1349 704 1414 ir
710 1371 755 1432 90

127 1456 238 1536 Pater,
262 1456 430 1524 hominum
451 1459 649 1542 immortalis
672 1465 722 1524 eet
744 1458 893 1540 infamia;

125 1565 238 1630 Etiam
261 1572 332 1632 tum
355 1569 447 1648 uiuit,
473 1590 572 1652 quom
596 1589 667 1634 esee
691 1568 805 1634 credas
830 1575 1000 1634 mortuam.
1205 1590 1257 1644 855

610 1687 775 1752 Saturio

126 1793 238 1872 Quid?
261 1797 389 1875 metuis,
412 1817 452 1862 ue
475 1803 509 1861 te
532 1797 694 1862 uendam?

633 1917 754 2000 Uiruo

745 2025 816 2090 Nou
840 2033 960 2105 metuo,
984 2033 1093 2110 pater3

125 2134 252 2200 Uerum
274 2134 459 2200 insimulari
483 2135 568 2200 nolo.

613 2255 769 2320 Saturio

624 2365 665 2428 Αῖ
688 2363 909 2447 nequidquam
932 2367 1037 2433 neuis.

124 2473 203 2538 Meo
227 2473 322 2538 modo
345 2474 431 2539 istuc
454 2475 563 2557 potius
585 2470 642 2538 fiet
664 2493 763 2556 quam
787 2479 845 2538 tuo

126 2579 215 2647 Fiet.
260 2581 349 2662 Quae
372 2581 453 2648 haee
475 2603 528 2648 ree
552 2581 649 2648 sunt?

631 2700 663 2768 U
666 2703 752 2784 iryo

666 2807 782 2892 Cogita
805 2809 868 2877 hoe
889 2811 1036 2890 uerbum,
1062 2821 1164 2897 pater.

127 2920 214 2985 Erus
236 2921 263 2984 si
286 2921 429 2985 minatus
452 2929 502 2986 εεῖ
524 2921 647 2984 malum
670 2941 765 2985 seruo
789 2941 856 2994 sue,
1201 2940 1254 2992 360

124 3029 275 3095 Tametsi
297 3029 332 3094 id
353 3028 500 3094 futurum
523 3049 586 3092 uon
610 3035 670 3108 eet,
693 3029 747 3093 ubi
773 3036 906 3113 captum
931 3037 980 3094 est
1003 3029 1149 3112 flagrum,

126 3139 212 3204 Dum
234 3139 364 3205 tunicae
387 3137 489 3222 ponit,
513 3143 639 3222 quanta
661 3135 805 3202 afficitur
827 3139 969 3202 miseria.

126 3245 197 3329 Ego
220 3267 317 3326 nunc,
342 3245 430 3330 quud
452 3267 518 3312 non
541 3245 688 3310 futurum
711 3255 772 3323 εεῖ,
795 3245 934 3311 formido
956 3252 1076 3312 tamen.

608 3388 773 3453 Saturio

126 3497 227 3582 Uirgo
250 3506 352 3582 atque
374 3498 491 3565 mulier
514 3498 605 3564 nulla
628 3500 700 3577 erit,
723 3499 800 3582 quin
825 3499 868 3562 sit
892 3498 987 3576 mala

126 3605 219 3683 Quae
242 3612 375 3690 praeter
398 3607 514 3691 sapiet,
538 3627 637 3692 quam
661 3606 769 3690 placet
792 3607 992 3690 parentibus.
1202 3623 1253 3677 565

629 3749 661 3816 U
663 3751 717 3814 ir(
733 3772 750 3814 ο

127 3857 228 3941 Uirgo
251 3865 351 3942 atque
375 3859 492 3924 mulier
514 3859 606 3925 nulla
629 3773 805 3944 eriujquin
829 3861 872 3923 εἰῖ
895 3858 991 3935 maia,

124 3965 218 4042 Quae
241 3968 367 4048 reticet,
391 3968 419 4033 ei
442 3966 521 4051 quid
543 3968 614 4033 fieri
636 3989 794 4052 peruerse
816 3966 918 4032 uidet.

211 4208 263 4262 ³49
281 4213 385 4262 natura
404 4223 435 4262 ee
453 4209 522 4262 ieU
620 4210 672 4261 350
689 4213 756 4262 uate
774 4208 797 4262 ei
897 4209 945 4262 351
965 4207 993 4261 in
1013 4209 1105 4262 um.A
1203 4207 1253 4260 852

63 4297 68 4306 '
122 4293 256 4347 existimo
339 4295 390 4349 854
409 4294 535 4349 imiamie
552 4295 580 4347 B
684 4297 735 4349 355
753 4295 855 4349 tutuO
941 4297 991 4348 359
1009 4309 1198 4363 quae.eaeree
1218 4291 1251 4356 A,

123 4395 199 4447 quae
217 4379 298 4434 heres
316 4379 369 4435 Bu
434 4381 481 4438 361
502 4379 608 4435 Tamen
626 4382 677 4434 εῖεί
747 4383 876 4438 reserat
