2930 5002
56 491 103 559 111,
122 495 145 559 a,
167 494 266 548 re-rr
550 492 671 547 audens.
738 515 741 524 Δ
1110 499 1168 558 123

503 683 715 748 Trachalio

420 791 482 856 Per
505 812 565 873 ego
590 790 672 856 haec
693 811 798 872 genua
820 798 853 856 te
876 797 1034 876 opteslor,
1059 815 1168 873 senex,

55 897 201 981 Quisquis
224 919 269 979 es,
347 915 354 929 ·

498 1007 715 1075 Daemones

175 1116 261 1193 Quin
284 1123 321 1181 tu
343 1136 421 1199 ergo
444 1118 558 1184 omitte
582 1137 688 1198 genua
712 1121 747 1182 et
769 1117 848 1200 quid
872 1118 915 1183 sit
938 1117 1018 1182 mihi
1041 1117 1167 1201 expedi,

57 1223 142 1304 Quod
163 1224 349 1292 tumultuas.

505 1333 710 1398 Trachalio

390 1439 501 1525 Teque
524 1461 581 1506 ero
604 1447 638 1506 et
660 1461 794 1524 quaeso,
817 1443 844 1506 si
867 1461 981 1523 speras
1003 1442 1065 1508 tibi

53 1548 117 1614 Hoc
139 1571 224 1617 anne
249 1548 387 1614 multum
410 1547 555 1614 futurum
578 1551 665 1632 sirpe
689 1555 723 1614 et
744 1548 957 1633 laserpicium

53 1657 191 1742 Eamque
215 1667 409 1724 euenturam
433 1679 610 1741 exagogam
632 1656 778 1742 Capuam
800 1658 925 1723 saluam
944 1664 978 1723 et
996 1660 1165 1744 sospitem,

52 1767 153 1850 Atque
176 1767 217 1831 ab
239 1767 438 1852 lippitudine
460 1788 565 1851 usque
588 1768 722 1833 siccitas
746 1771 783 1832 ul
806 1766 849 1831 sil
870 1766 940 1846 tibi,
1115 1785 1162 1837 621

496 1909 715 1975 Daemones

54 2018 157 2084 Sanun
180 2020 240 2085 es?

498 2127 708 2192 Trachalio

313 2234 377 2302 Seu
399 2235 460 2300 tibi
483 2234 620 2302 confidis
643 2235 713 2300 iore
736 2236 873 2302 multam
896 2235 1107 2320 magydarim,

55 2343 94 2408 Ut
114 2351 145 2410 te
166 2366 207 2409 ne
229 2345 343 2430 pigeat
364 2343 443 2409 dare
465 2363 598 2426 operam
623 2343 703 2408 mihi
725 2345 813 2428 qued
836 2351 869 2410 te
893 2344 1005 2426 orabo,
1027 2365 1134 2410 senex.

495 2485 719 2551 Daemones

54 2595 91 2659 61
111 2617 167 2679 ego
191 2602 224 2661 te
248 2616 307 2678 per
329 2615 426 2661 crura
448 2601 482 2660 et
503 2595 589 2659 talos
611 2601 803 2680 tergumque
827 2602 975 2678 optestor
997 2602 1099 2672 tuum,

54 2703 93 2767 Ue
113 2705 169 2769 tibi
192 2706 223 2769 si
248 2701 388 2768 ulmeam
410 2703 543 2769 uberem
567 2725 638 2768 esse
663 2724 775 2787 speres
798 2704 1026 2787 uirgidemiam
1114 2721 1165 2774 625

54 2812 91 2877 Et
110 2814 167 2879 tibi
190 2820 385 2878 euenturam
408 2810 469 2877 hoe
492 2832 576 2877 anno
599 2813 733 2877 uberem
756 2833 892 2878 messem
915 2812 1004 2890 mali,

57 2921 94 2986 Ut
113 2921 187 2986 mihi
210 2923 298 2986 istuc
320 2920 411 2986 dicas
433 2921 543 3003 negoti
565 2920 644 3003 quid
667 2922 718 3001 sit,
741 2921 830 3003 quod
853 2921 1041 2986 tumultuas.

495 3063 709 3129 Trachalio

56 3166 108 3244 Qui
127 3170 218 3237 lubet
241 3171 459 3237 maledicere?
482 3171 633 3255 equidem
655 3172 717 3237 tibi
739 3170 827 3237 bena
850 3173 962 3255 eptaui
984 3171 1101 3236 emnia.

493 3312 713 3379 Daemones

57 3418 129 3487 Bene
151 3423 300 3522 equidem
325 3421 386 3487 tibi
409 3421 492 3500 dice,
516 3423 572 3505 qui
595 3427 628 3487 te
652 3424 751 3506 digna
774 3428 812 3487 ut
834 3423 986 3489 eueniant
1008 3441 1132 3506 precer.

494 3564 712 3631 Trachalio

59 3669 194 3752 Obsecro,
218 3675 281 3740 hoe
296 3681 522 3756 praeuertere.

491 3814 713 3882 Daemoaee

540 3923 627 4009 Ergo
650 3926 729 4010 quid
752 3926 863 4008 negoti
887 3926 958 3991 est?

60 4041 243 4055 Ἠ*

129 4129 176 4182 617
194 4129 287 4192 expeti
303 4126 332 4182 B
389 4129 441 4182 616
454 4134 520 4196 peel
536 4129 665 4184 maroam
682 4131 801 4184 multum
819 4127 854 4198 Β,
872 4128 977 4183 luesG
1031 4131 1082 4184 619
1100 4136 1163 4184 ame

61 4205 103 4263 hee
118 4214 232 4280 muham
318 4213 510 4282 lasserpieium
529 4212 556 4267 B
641 4217 691 4268 6112
708 4215 874 4284 magidarim
894 4215 927 4283 B,
947 4217 1122 4283 magudarim
1142 4214 1164 4270 0

61 4293 102 4347 626
116 4305 179 4366 quot
194 4297 223 4353 B
291 4299 343 4353 625
360 4299 383 4352 ai
402 4313 451 4354 om.
515 4301 648 4354 uimeam
718 4302 766 4354 ubi
784 4317 843 4354 rem
861 4300 890 4355 B
958 4303 1010 4356 666
1028 4301 1161 4370 exoptaai

61 4377 103 4432 661)
116 4381 164 4438 hee
180 4389 325 4440 reuertere
344 4399 412 4453 ergo
