<?xml version="1.0" encoding="UTF-8"?>
<!DOCTYPE html PUBLIC "-//W3C//DTD XHTML 1.0 Transitional//EN"
    "http://www.w3.org/TR/xhtml1/DTD/xhtml1-transitional.dtd">
<html xmlns="http://www.w3.org/1999/xhtml" xml:lang="en" lang="en">
 <head>
  <title>
</title>
<meta http-equiv="Content-Type" content="text/html;charset=utf-8" />
  <meta name='ocr-system' content='tesseract 3.04.00' />
  <meta name='ocr-capabilities' content='ocr_page ocr_carea ocr_par ocr_line ocrx_word'/>
</head>
<body>
  <div class='ocr_page' id='page_1' title='image "./tmacciiplautico04ussigoog_0393.png"; bbox 0 0 2890 5004; ppageno 0'>
   <div class='ocr_carea' id='block_1_1' title="bbox 803 479 1399 585">
    <p class='ocr_par' dir='ltr' id='par_1_1' title="bbox 803 479 1399 585">
     <span class='ocr_line' id='line_1_1' title="bbox 803 479 1399 585; baseline -0.003 -17"><span class='ocrx_word' id='word_1_1' title='bbox 803 515 893 570; x_wconf 74' lang='lat' dir='ltr'><strong>Plauti</strong></span> <span class='ocrx_word' id='word_1_2' title='bbox 1175 515 1224 585; x_wconf 82' lang='lat'>111,</span> <span class='ocrx_word' id='word_1_3' title='bbox 1244 520 1262 582; x_wconf 82' lang='lat'><strong>1,</strong></span> <span class='ocrx_word' id='word_1_4' title='bbox 1281 517 1366 579; x_wconf 72' lang='lat' dir='ltr'><strong>aaa</strong></span> <span class='ocrx_word' id='word_1_5' title='bbox 1398 479 1399 490; x_wconf 37' lang='lat'><strong>³</strong></span> 
     </span>
    </p>
   </div>
   <div class='ocr_carea' id='block_1_2' title="bbox 571 803 1138 876">
    <p class='ocr_par' dir='ltr' id='par_1_2' title="bbox 571 803 1138 876">
     <span class='ocr_line' id='line_1_2' title="bbox 571 803 1138 876; baseline 0 -4"><span class='ocrx_word' id='word_1_6' title='bbox 571 803 793 872; x_wconf 82' lang='lat' dir='ltr'><strong>STRABAX</strong></span> <span class='ocrx_word' id='word_1_7' title='bbox 857 806 1138 876; x_wconf 82' lang='lat' dir='ltr'><strong><em>ASTAPHIUM</em></strong></span> 
     </span>
    </p>
   </div>
   <div class='ocr_carea' id='block_1_3' title="bbox 288 979 1402 1275">
    <p class='ocr_par' dir='ltr' id='par_1_3' title="bbox 288 979 1402 1275">
     <span class='ocr_line' id='line_1_3' title="bbox 729 979 972 1062; baseline 0 -20"><span class='ocrx_word' id='word_1_8' title='bbox 729 979 972 1062; x_wconf 79' lang='lat' dir='ltr'><strong>Astaphium</strong></span> 
     </span>
     <span class='ocr_line' id='line_1_4' title="bbox 288 1084 1370 1164; baseline -0.001 -14"><span class='ocrx_word' id='word_1_9' title='bbox 288 1086 374 1164; x_wconf 88' lang='lat' dir='ltr'>Quid</span> <span class='ocrx_word' id='word_1_10' title='bbox 397 1087 502 1150; x_wconf 83' lang='lat' dir='ltr'><strong>istuc?</strong></span> <span class='ocrx_word' id='word_1_11' title='bbox 548 1084 686 1151; x_wconf 82' lang='lat' dir='ltr'><strong>Alienun</strong></span> <span class='ocrx_word' id='word_1_12' title='bbox 710 1107 754 1164; x_wconf 79' lang='lat' dir='ltr'><strong>ee,</strong></span> <span class='ocrx_word' id='word_1_13' title='bbox 777 1086 905 1155; x_wconf 75' lang='lat' dir='ltr'><strong>amabo,</strong></span> <span class='ocrx_word' id='word_1_14' title='bbox 931 1087 973 1150; x_wconf 93' lang='lat' dir='ltr'><strong>mi</strong></span> <span class='ocrx_word' id='word_1_15' title='bbox 998 1086 1148 1164; x_wconf 81' lang='lat' dir='ltr'><strong>Strabax,</strong></span> <span class='ocrx_word' id='word_1_16' title='bbox 1338 1104 1370 1151; x_wconf 74' lang='lat' dir='ltr'><strong>att</strong></span> 
     </span>
     <span class='ocr_line' id='line_1_5' title="bbox 289 1162 1402 1275; baseline -0.004 -17"><span class='ocrx_word' id='word_1_17' title='bbox 289 1193 352 1272; x_wconf 82' lang='lat' dir='ltr'><strong>Qui</strong></span> <span class='ocrx_word' id='word_1_18' title='bbox 376 1215 440 1260; x_wconf 88' lang='lat' dir='ltr'><strong>non</strong></span> <span class='ocrx_word' id='word_1_19' title='bbox 464 1193 627 1275; x_wconf 86' lang='lat' dir='ltr'><strong>extemplo</strong></span> <span class='ocrx_word' id='word_1_20' title='bbox 651 1194 860 1258; x_wconf 79' lang='lat' dir='ltr'><strong>introieris?</strong></span> <span class='ocrx_word' id='word_1_21' title='bbox 1401 1162 1402 1254; x_wconf 92' lang='lat' dir='ltr'><strong>l</strong></span> 
     </span>
    </p>
   </div>
   <div class='ocr_carea' id='block_1_4' title="bbox 761 1347 1184 1538">
    <p class='ocr_par' dir='ltr' id='par_1_4' title="bbox 761 1347 1184 1538">
     <span class='ocr_line' id='line_1_6' title="bbox 761 1347 934 1412; baseline -0.012 0"><span class='ocrx_word' id='word_1_22' title='bbox 761 1347 934 1412; x_wconf 79' lang='lat' dir='ltr'><strong>Strabax</strong></span> 
     </span>
     <span class='ocr_line' id='line_1_7' title="bbox 903 1457 1184 1538; baseline 0 -18"><span class='ocrx_word' id='word_1_23' title='bbox 903 1457 993 1520; x_wconf 84' lang='lat' dir='ltr'><strong>Anne</strong></span> <span class='ocrx_word' id='word_1_24' title='bbox 1018 1458 1184 1538; x_wconf 80' lang='lat' dir='ltr'><strong>oportuit?</strong></span> 
     </span>
    </p>
   </div>
   <div class='ocr_carea' id='block_1_5' title="bbox 289 1607 970 1799">
    <p class='ocr_par' dir='ltr' id='par_1_5' title="bbox 289 1607 970 1799">
     <span class='ocr_line' id='line_1_8' title="bbox 726 1607 970 1691; baseline -0.004 -18"><span class='ocrx_word' id='word_1_25' title='bbox 726 1607 970 1691; x_wconf 83' lang='lat' dir='ltr'><strong>Astaphium</strong></span> 
     </span>
     <span class='ocr_line' id='line_1_9' title="bbox 289 1716 906 1799; baseline -0.002 -19"><span class='ocrx_word' id='word_1_26' title='bbox 289 1717 341 1781; x_wconf 87' lang='lat' dir='ltr'><strong>Ita</strong></span> <span class='ocrx_word' id='word_1_27' title='bbox 363 1723 395 1782; x_wconf 88' lang='lat' dir='ltr'><strong>te</strong></span> <span class='ocrx_word' id='word_1_28' title='bbox 420 1717 563 1799; x_wconf 84' lang='lat' dir='ltr'><strong>quidem,</strong></span> <span class='ocrx_word' id='word_1_29' title='bbox 587 1717 643 1799; x_wconf 89' lang='lat' dir='ltr'><strong>qui</strong></span> <span class='ocrx_word' id='word_1_30' title='bbox 667 1738 701 1781; x_wconf 84' lang='lat' dir='ltr'><strong>es</strong></span> <span class='ocrx_word' id='word_1_31' title='bbox 725 1716 906 1782; x_wconf 86' lang='lat' dir='ltr'><strong>familiaris.</strong></span> 
     </span>
    </p>
   </div>
   <div class='ocr_carea' id='block_1_6' title="bbox 762 1869 937 1936">
    <p class='ocr_par' dir='ltr' id='par_1_6' title="bbox 762 1869 937 1936">
     <span class='ocr_line' id='line_1_10' title="bbox 762 1869 937 1936; baseline -0.006 -2"><span class='ocrx_word' id='word_1_32' title='bbox 762 1869 937 1936; x_wconf 81' lang='lat' dir='ltr'><strong>Strabax</strong></span> 
     </span>
    </p>
   </div>
   <div class='ocr_carea' id='block_1_7' title="bbox 289 1978 1067 2130">
    <p class='ocr_par' dir='ltr' id='par_1_7' title="bbox 289 1978 1067 2130">
     <span class='ocr_line' id='line_1_11' title="bbox 954 1978 1059 2044; baseline 0.019 -2"><span class='ocrx_word' id='word_1_33' title='bbox 954 1978 1059 2044; x_wconf 91' lang='lat' dir='ltr'><strong>Ibitur</strong></span> 
     </span>
     <span class='ocr_line' id='line_1_12' title="bbox 289 2031 1067 2130; baseline 0.003 -3"><span class='ocrx_word' id='word_1_34' title='bbox 289 2063 337 2128; x_wconf 86' lang='lat' dir='ltr'><strong>Ne</strong></span> <span class='ocrx_word' id='word_1_35' title='bbox 360 2085 410 2128; x_wconf 92' lang='lat' dir='ltr'><strong>me</strong></span> <span class='ocrx_word' id='word_1_36' title='bbox 434 2065 554 2130; x_wconf 88' lang='lat' dir='ltr'><strong>morari</strong></span> <span class='ocrx_word' id='word_1_37' title='bbox 578 2083 722 2129; x_wconf 80' lang='lat' dir='ltr'><strong>censeas.</strong></span> <span class='ocrx_word' id='word_1_38' title='bbox 1061 2031 1067 2056; x_wconf 53' lang='lat'>⁹</span> 
     </span>
    </p>
   </div>
   <div class='ocr_carea' id='block_1_8' title="bbox 725 2217 1005 2409">
    <p class='ocr_par' dir='ltr' id='par_1_8' title="bbox 725 2217 1005 2409">
     <span class='ocr_line' id='line_1_13' title="bbox 725 2217 970 2300; baseline 0 -18"><span class='ocrx_word' id='word_1_39' title='bbox 725 2217 970 2300; x_wconf 85' lang='lat' dir='ltr'><strong>Astaphium</strong></span> 
     </span>
     <span class='ocr_line' id='line_1_14' title="bbox 770 2325 1005 2409; baseline -0.004 -19"><span class='ocrx_word' id='word_1_40' title='bbox 770 2326 893 2409; x_wconf 87' lang='lat' dir='ltr'><strong>Lepide</strong></span> <span class='ocrx_word' id='word_1_41' title='bbox 916 2325 1005 2391; x_wconf 85' lang='lat' dir='ltr'><strong>facis.</strong></span> 
     </span>
    </p>
   </div>
   <div class='ocr_carea' id='block_1_9' title="bbox 638 2684 1067 2751">
    <p class='ocr_par' dir='ltr' id='par_1_9' title="bbox 638 2684 1067 2751">
     <span class='ocr_line' id='line_1_15' title="bbox 638 2684 1067 2751; baseline 0.002 -2"><span class='ocrx_word' id='word_1_42' title='bbox 638 2685 799 2751; x_wconf 86' lang='lat' dir='ltr'><strong>SERUOS</strong></span> <span class='ocrx_word' id='word_1_43' title='bbox 887 2684 1067 2750; x_wconf 78' lang='lat' dir='ltr'>ANCILLA</span> 
     </span>
    </p>
   </div>
   <div class='ocr_carea' id='block_1_10' title="bbox 285 2855 1065 3265">
    <p class='ocr_par' dir='ltr' id='par_1_10' title="bbox 285 2855 1065 3265">
     <span class='ocr_line' id='line_1_16' title="bbox 737 2855 964 2940; baseline -0.004 -20"><span class='ocrx_word' id='word_1_44' title='bbox 737 2855 964 2940; x_wconf 82' lang='lat' dir='ltr'><strong>Stratyllax</strong></span> 
     </span>
     <span class='ocr_line' id='line_1_17' title="bbox 288 2963 920 3029; baseline 0.003 -3"><span class='ocrx_word' id='word_1_45' title='bbox 288 2963 407 3027; x_wconf 88' lang='lat' dir='ltr'><strong>Mirum</strong></span> <span class='ocrx_word' id='word_1_46' title='bbox 431 2963 562 3028; x_wconf 88' lang='lat' dir='ltr'><strong>uidetur</strong></span> <span class='ocrx_word' id='word_1_47' title='bbox 584 2985 660 3028; x_wconf 86' lang='lat' dir='ltr'><strong>rure</strong></span> <span class='ocrx_word' id='word_1_48' title='bbox 683 2964 795 3029; x_wconf 88' lang='lat' dir='ltr'><strong>erilem</strong></span> <span class='ocrx_word' id='word_1_49' title='bbox 818 2964 920 3029; x_wconf 85' lang='lat' dir='ltr'><strong>filium</strong></span> 
     </span>
     <span class='ocr_line' id='line_1_18' title="bbox 288 3069 1065 3148; baseline 0 -12"><span class='ocrx_word' id='word_1_50' title='bbox 288 3069 477 3136; x_wconf 76' lang='lat' dir='ltr'><strong>Strabacem</strong></span> <span class='ocrx_word' id='word_1_51' title='bbox 501 3094 564 3136; x_wconf 88' lang='lat' dir='ltr'><strong>non</strong></span> <span class='ocrx_word' id='word_1_52' title='bbox 589 3072 721 3148; x_wconf 78' lang='lat' dir='ltr'><strong>redisse,</strong></span> <span class='ocrx_word' id='word_1_53' title='bbox 744 3074 807 3138; x_wconf 87' lang='lat' dir='ltr'><strong>nisi</strong></span> <span class='ocrx_word' id='word_1_54' title='bbox 832 3073 858 3137; x_wconf 86' lang='lat' dir='ltr'><strong>si</strong></span> <span class='ocrx_word' id='word_1_55' title='bbox 882 3072 1065 3140; x_wconf 79' lang='lat' dir='ltr'><strong>clanculum</strong></span> 
     </span>
     <span class='ocr_line' id='line_1_19' title="bbox 285 3178 1045 3265; baseline 0 -21"><span class='ocrx_word' id='word_1_56' title='bbox 285 3178 471 3262; x_wconf 70' lang='lat' dir='ltr'><strong>conlapsus</strong></span> <span class='ocrx_word' id='word_1_57' title='bbox 495 3189 546 3244; x_wconf 86' lang='lat' dir='ltr'><strong>eat</strong></span> <span class='ocrx_word' id='word_1_58' title='bbox 569 3181 621 3244; x_wconf 89' lang='lat' dir='ltr'><strong>hie</strong></span> <span class='ocrx_word' id='word_1_59' title='bbox 643 3182 677 3244; x_wconf 91' lang='lat' dir='ltr'><strong>in</strong></span> <span class='ocrx_word' id='word_1_60' title='bbox 701 3180 922 3265; x_wconf 83' lang='lat' dir='ltr'><strong>corruptelam</strong></span> <span class='ocrx_word' id='word_1_61' title='bbox 945 3203 1045 3246; x_wconf 84' lang='lat' dir='ltr'><strong>suam.</strong></span> 
     </span>
    </p>
   </div>
   <div class='ocr_carea' id='block_1_11' title="bbox 288 3303 1095 3527">
    <p class='ocr_par' dir='ltr' id='par_1_11' title="bbox 288 3303 1095 3527">
     <span class='ocr_line' id='line_1_20' title="bbox 731 3303 997 3419; baseline 0.008 -21"><span class='ocrx_word' id='word_1_62' title='bbox 731 3335 969 3419; x_wconf 82' lang='lat' dir='ltr'><strong>Astaphium</strong></span> <span class='ocrx_word' id='word_1_63' title='bbox 985 3303 997 3318; x_wconf 36' lang='grc' dir='ltr'>ι</span> 
     </span>
     <span class='ocr_line' id='line_1_21' title="bbox 288 3441 1095 3527; baseline 0 -21"><span class='ocrx_word' id='word_1_64' title='bbox 288 3442 357 3508; x_wconf 94' lang='lat' dir='ltr'><strong>Iam</strong></span> <span class='ocrx_word' id='word_1_65' title='bbox 380 3443 434 3527; x_wconf 91' lang='lat' dir='ltr'><strong>pol</strong></span> <span class='ocrx_word' id='word_1_66' title='bbox 456 3441 524 3506; x_wconf 87' lang='lat' dir='ltr'><strong>illie</strong></span> <span class='ocrx_word' id='word_1_67' title='bbox 546 3441 739 3507; x_wconf 84' lang='lat' dir='ltr'><strong>inclamabit</strong></span> <span class='ocrx_word' id='word_1_68' title='bbox 762 3464 821 3520; x_wconf 83' lang='lat' dir='ltr'><strong>me,</strong></span> <span class='ocrx_word' id='word_1_69' title='bbox 848 3445 874 3508; x_wconf 89' lang='lat' dir='ltr'><strong>si</strong></span> <span class='ocrx_word' id='word_1_70' title='bbox 898 3443 1095 3524; x_wconf 80' lang='lat' dir='ltr'><strong>adspexerit.</strong></span> 
     </span>
    </p>
   </div>
   <div class='ocr_carea' id='block_1_12' title="bbox 288 3595 1284 3891">
    <p class='ocr_par' dir='ltr' id='par_1_12' title="bbox 288 3595 1284 3891">
     <span class='ocr_line' id='line_1_22' title="bbox 730 3595 968 3680; baseline -0.004 -19"><span class='ocrx_word' id='word_1_71' title='bbox 730 3595 968 3680; x_wconf 84' lang='lat' dir='ltr'><strong>Stratyllax</strong></span> 
     </span>
     <span class='ocr_line' id='line_1_23' title="bbox 289 3704 1284 3788; baseline -0.004 -18"><span class='ocrx_word' id='word_1_72' title='bbox 289 3705 397 3770; x_wconf 89' lang='lat' dir='ltr'><strong>Nimio</strong></span> <span class='ocrx_word' id='word_1_73' title='bbox 422 3707 527 3770; x_wconf 87' lang='lat' dir='ltr'><strong>minus</strong></span> <span class='ocrx_word' id='word_1_74' title='bbox 551 3725 670 3768; x_wconf 85' lang='lat' dir='ltr'><strong>saeuos</strong></span> <span class='ocrx_word' id='word_1_75' title='bbox 694 3704 758 3768; x_wconf 89' lang='lat' dir='ltr'><strong>iam</strong></span> <span class='ocrx_word' id='word_1_76' title='bbox 781 3727 861 3776; x_wconf 77' lang='lat' dir='ltr'><strong>sum,</strong></span> <span class='ocrx_word' id='word_1_77' title='bbox 886 3705 1089 3788; x_wconf 78' lang='lat' dir='ltr'><strong>Astaphium,</strong></span> <span class='ocrx_word' id='word_1_78' title='bbox 1113 3725 1211 3788; x_wconf 88' lang='lat' dir='ltr'><strong>quam</strong></span> <span class='ocrx_word' id='word_1_79' title='bbox 1235 3705 1284 3768; x_wconf 88' lang='lat' dir='ltr'><strong>lui.</strong></span> 
     </span>
     <span class='ocr_line' id='line_1_24' title="bbox 288 3811 1114 3891; baseline -0.001 -14"><span class='ocrx_word' id='word_1_80' title='bbox 288 3814 357 3878; x_wconf 91' lang='lat' dir='ltr'><strong>lam</strong></span> <span class='ocrx_word' id='word_1_81' title='bbox 382 3835 445 3879; x_wconf 88' lang='lat' dir='ltr'><strong>non</strong></span> <span class='ocrx_word' id='word_1_82' title='bbox 469 3835 539 3879; x_wconf 88' lang='lat' dir='ltr'><strong>sum</strong></span> <span class='ocrx_word' id='word_1_83' title='bbox 564 3821 700 3876; x_wconf 81' lang='lat' dir='ltr'><strong>truaeua</strong></span> <span class='ocrx_word' id='word_1_84' title='bbox 723 3811 845 3891; x_wconf 58' lang='lat' dir='ltr'><strong>lentum</strong></span> <span class='ocrx_word' id='word_1_85' title='bbox 870 3813 936 3877; x_wconf 89' lang='lat' dir='ltr'><strong>noli</strong></span> <span class='ocrx_word' id='word_1_86' title='bbox 961 3820 1114 3877; x_wconf 86' lang='lat' dir='ltr'><strong>metuere.</strong></span> 
     </span>
    </p>
   </div>
   <div class='ocr_carea' id='block_1_13' title="bbox 291 3965 491 3977">
    <p class='ocr_par' dir='ltr' id='par_1_13' title="bbox 291 3965 491 3977">
     <span class='ocr_line' id='line_1_25' title="bbox 291 3965 491 3977; baseline -0.005 0"><span class='ocrx_word' id='word_1_87' title='bbox 291 3965 491 3977; x_wconf 65' lang='lat' dir='ltr'><em>-.-—d-.-—-</em></span> 
     </span>
    </p>
   </div>
   <div class='ocr_carea' id='block_1_14' title="bbox 287 4035 1375 4460">
    <p class='ocr_par' dir='ltr' id='par_1_14' title="bbox 287 4035 1375 4460">
     <span class='ocr_line' id='line_1_26' title="bbox 374 4035 1374 4105; baseline -0.003 0"><span class='ocrx_word' id='word_1_88' title='bbox 374 4052 483 4105; x_wconf 83' lang='lat' dir='ltr'><strong>Eadem</strong></span> <span class='ocrx_word' id='word_1_89' title='bbox 500 4067 581 4104; x_wconf 81' lang='lat' dir='ltr'><strong>scena</strong></span> <span class='ocrx_word' id='word_1_90' title='bbox 600 4050 776 4104; x_wconf 58' lang='lat' dir='ltr'><strong>construatur</strong></span> <span class='ocrx_word' id='word_1_91' title='bbox 828 4051 880 4104; x_wconf 80' lang='lat'><strong>655</strong></span> <span class='ocrx_word' id='word_1_92' title='bbox 897 4048 1058 4104; x_wconf 86' lang='lat' dir='ltr'><strong>alienumG</strong></span> <span class='ocrx_word' id='word_1_93' title='bbox 1109 4055 1152 4103; x_wconf 83' lang='lat' dir='ltr'><strong>ert</strong></span> <span class='ocrx_word' id='word_1_94' title='bbox 1204 4052 1255 4104; x_wconf 79' lang='lat'><strong>656</strong></span> <span class='ocrx_word' id='word_1_95' title='bbox 1271 4035 1374 4102; x_wconf 76' lang='lat' dir='ltr'><strong>exteml&#39;</strong></span> 
     </span>
     <span class='ocr_line' id='line_1_27' title="bbox 288 4125 1375 4204; baseline -0.007 -14"><span class='ocrx_word' id='word_1_96' title='bbox 288 4137 329 4190; x_wconf 86' lang='lat' dir='ltr'><strong>ire</strong></span> <span class='ocrx_word' id='word_1_97' title='bbox 348 4137 372 4190; x_wconf 83' lang='lat' dir='ltr'><strong>ei</strong></span> <span class='ocrx_word' id='word_1_98' title='bbox 430 4139 480 4189; x_wconf 85' lang='grc'><strong>658</strong></span> <span class='ocrx_word' id='word_1_99' title='bbox 499 4135 566 4188; x_wconf 80' lang='lat' dir='ltr'><strong>fecie</strong></span> <span class='ocrx_word' id='word_1_100' title='bbox 585 4135 772 4188; x_wconf 77' lang='lat' dir='ltr'><strong>Truculentue</strong></span> <span class='ocrx_word' id='word_1_101' title='bbox 791 4135 956 4204; x_wconf 79' lang='lat' dir='ltr'><strong>Astaphium</strong></span> <span class='ocrx_word' id='word_1_102' title='bbox 976 4134 1003 4188; x_wconf 91' lang='lat' dir='ltr'><em>B</em></span> <span class='ocrx_word' id='word_1_103' title='bbox 1066 4133 1281 4189; x_wconf 80' lang='lat' dir='ltr'><strong>asTAPfflUtt</strong></span> <span class='ocrx_word' id='word_1_104' title='bbox 1297 4125 1375 4193; x_wconf 74' lang='lat' dir='ltr'><strong>aptit·</strong></span> 
     </span>
     <span class='ocr_line' id='line_1_28' title="bbox 289 4211 1375 4290; baseline -0.004 -13"><span class='ocrx_word' id='word_1_105' title='bbox 289 4223 361 4290; x_wconf 80' lang='lat' dir='ltr'><strong>cipio</strong></span> <span class='ocrx_word' id='word_1_106' title='bbox 380 4221 454 4277; x_wconf 69' lang='lat' dir='ltr'><strong>ritule·</strong></span> <span class='ocrx_word' id='word_1_107' title='bbox 472 4221 552 4276; x_wconf 82' lang='lat' dir='ltr'><strong>addit</strong></span> <span class='ocrx_word' id='word_1_108' title='bbox 571 4220 593 4275; x_wconf 81' lang='lat'><em>0</em></span> <span class='ocrx_word' id='word_1_109' title='bbox 669 4223 720 4272; x_wconf 84' lang='lat'><strong>659</strong></span> <span class='ocrx_word' id='word_1_110' title='bbox 738 4221 827 4274; x_wconf 73' lang='lat' dir='ltr'><strong>rarior</strong></span> <span class='ocrx_word' id='word_1_111' title='bbox 845 4222 911 4274; x_wconf 85' lang='lat' dir='ltr'><strong>item</strong></span> <span class='ocrx_word' id='word_1_112' title='bbox 995 4221 1048 4274; x_wconf 88' lang='grc'><strong>660</strong></span> <span class='ocrx_word' id='word_1_113' title='bbox 1067 4221 1220 4276; x_wconf 78' lang='lat' dir='ltr'><strong>Strabacee</strong></span> <span class='ocrx_word' id='word_1_114' title='bbox 1241 4221 1264 4275; x_wconf 88' lang='grc' dir='ltr'>Β</span> <span class='ocrx_word' id='word_1_115' title='bbox 1327 4211 1375 4263; x_wconf 79' lang='lat' dir='ltr'><strong>ciru-</strong></span> 
     </span>
     <span class='ocr_line' id='line_1_29' title="bbox 289 4299 1374 4384; baseline -0.011 -23"><span class='ocrx_word' id='word_1_116' title='bbox 289 4308 383 4384; x_wconf 82' lang='lat' dir='ltr'><strong>culum</strong></span> <span class='ocrx_word' id='word_1_117' title='bbox 401 4306 428 4360; x_wconf 91' lang='lat' dir='ltr'><em>B</em></span> <span class='ocrx_word' id='word_1_118' title='bbox 530 4309 580 4360; x_wconf 77' lang='lat'><strong>662</strong></span> <span class='ocrx_word' id='word_1_119' title='bbox 599 4325 643 4359; x_wconf 90' lang='lat' dir='ltr'><strong>me</strong></span> <span class='ocrx_word' id='word_1_120' title='bbox 663 4307 826 4360; x_wconf 85' lang='lat' dir='ltr'><strong>inclamauit</strong></span> <span class='ocrx_word' id='word_1_121' title='bbox 843 4323 872 4360; x_wconf 79' lang='lat' dir='ltr'><strong>ra</strong></span> <span class='ocrx_word' id='word_1_122' title='bbox 976 4306 1140 4375; x_wconf 80' lang='lat' dir='ltr'><strong>aerpexitG</strong></span> <span class='ocrx_word' id='word_1_123' title='bbox 1251 4299 1374 4360; x_wconf 68' lang='lat' dir='ltr'><strong>esaiam-r</strong></span> 
     </span>
     <span class='ocr_line' id='line_1_30' title="bbox 287 4386 1344 4460; baseline -0.004 -14"><span class='ocrx_word' id='word_1_124' title='bbox 287 4391 388 4458; x_wconf 75' lang='lat' dir='ltr'><strong>(inisse</strong></span> <span class='ocrx_word' id='word_1_125' title='bbox 407 4392 443 4458; x_wconf 89' lang='lat' dir='ltr'><strong>B)</strong></span> <span class='ocrx_word' id='word_1_126' title='bbox 462 4411 513 4447; x_wconf 80' lang='lat' dir='ltr'><strong>uos</strong></span> <span class='ocrx_word' id='word_1_127' title='bbox 583 4409 676 4445; x_wconf 75' lang='lat' dir='ltr'><strong>sumas</strong></span> <span class='ocrx_word' id='word_1_128' title='bbox 695 4393 851 4460; x_wconf 86' lang='lat' dir='ltr'><strong>astaphium</strong></span> <span class='ocrx_word' id='word_1_129' title='bbox 921 4391 972 4446; x_wconf 84' lang='lat'><strong>664</strong></span> <span class='ocrx_word' id='word_1_130' title='bbox 990 4392 1164 4447; x_wconf 79' lang='lat' dir='ltr'><strong>truculentus</strong></span> <span class='ocrx_word' id='word_1_131' title='bbox 1236 4386 1344 4446; x_wconf 78' lang='lat' dir='ltr'><strong>metueris</strong></span> 
     </span>
    </p>
   </div>
   <div class='ocr_carea' id='block_1_15' title="bbox 0 0 1462 5004">
    <p class='ocr_par' dir='ltr' id='par_1_15' title="bbox 0 0 1462 5004">
     <span class='ocr_line' id='line_1_31' title="bbox 0 0 1462 5004; baseline 0 0"><span class='ocrx_word' id='word_1_132' title='bbox 0 0 1462 5004; x_wconf 95' lang='lat' dir='ltr'><strong> </strong></span> 
     </span>
    </p>
   </div>
  </div>
 </body>
</html>
