2920 4998
246 480 308 540 552
750 472 871 527 Stichus.

245 699 288 708 -
315 670 387 728 688.
416 667 510 727 Stichi
532 661 638 727 nomen
660 667 785 745 praefixi.
808 697 851 707 —
879 661 1110 740 ministremus,
1141 669 1178 726 cf.
1204 667 1270 726 Cic.
1299 667 1389 725 Ver-r.

244 770 297 846 ΠΙ,
321 772 371 844 44,
398 773 472 830 105:
510 791 618 848 „quum
647 773 677 829 in
705 771 742 827 iis
771 771 913 828 conviviis
935 769 1110 849 symphonia
1134 776 1263 829 caneret
1289 773 1387 829 maxi·

246 875 361 950 misque
384 873 498 951 poculis
521 868 771 931 ministraretur“.
823 872 922 931 Pison.
947 875 1002 947 27,
1031 875 1084 930 67:
1123 873 1263 946 „bibitur
1288 893 1388 950 usqne

247 996 295 1048 eo,
326 976 395 1033 dum
424 976 460 1034 de
483 976 557 1034 solio
580 971 797 1034 ministretur“.
827 1003 868 1014 -
898 970 1098 1050 rnouotrophi
1124 973 1282 1051 Scaliger,
1313 978 1335 1033 i.
1360 995 1386 1032 a.

246 1079 318 1150 soli,
348 1079 382 1135 cf.
406 1077 483 1136 Plut.
507 1077 594 1137 Polli.
619 1098 648 1156 p.
675 1078 733 1136 261
759 1076 801 1136 D:
835 1078 882 1148 τὴν
904 1078 955 1136 τῶν
977 1079 1050 1146 ζώων
1071 1079 1172 1154 τροφήν
1195 1080 1244 1148 τὴν
1268 1079 1325 1152 μέν
1347 1101 1386 1142 τις

248 1181 280 1238 ἂν
301 1181 354 1238 ’ador
381 1183 562 1257 μονοτροφίαι
590 1172 689 1247 οὖσαν,
716 1181 762 1250 τὴν
785 1180 813 1237 δὲ
836 1184 925 1252 κοινὴν
947 1183 998 1237 τῶν
1020 1186 1048 1236 a'r
1068 1185 1126 1245 τοῖς
1149 1181 1266 1257 ἀγέλαις
1293 1185 1384 1256 θρεμ-

246 1284 337 1358 μάτων
359 1286 518 1360 ἐπιμέλειαν.
567 1282 612 1342 Ι)ο
635 1282 732 1341 Strab.
756 1283 812 1355 ΙΠ,
839 1285 873 1359 3,
899 1287 916 1343 6
940 1303 989 1344 res
1012 1283 1104 1342 dubia
1125 1289 1186 1354 est,
1219 1305 1246 1342 v.
1276 1283 1382 1341 Madv.

248 1385 372 1443 Advers.
401 1389 467 1446 crit.
496 1385 511 1444 Ι
538 1406 567 1463 p.
593 1386 663 1444 533.
716 1384 767 1443 R.:
805 1382 1011 1464 „monotropi“
1040 1392 1075 1443 ut
1098 1387 1252 1445 Plutarch.
1281 1387 1381 1444 Sanit.

248 1493 388 1567 praecept.
413 1491 468 1548 23.
508 1489 644 1547 Fratern.
669 1507 761 1546 amor.
787 1490 814 1548 3.
867 1489 976 1561 Quasi.
1000 1510 1083 1549 conv.
1106 1487 1157 1561 IV,
1189 1493 1222 1560 1,
1255 1493 1296 1561 2,
1327 1490 1381 1560 1⁶2,

248 1591 301 1650 aad
328 1592 464 1650 mutandi
487 1591 567 1650 nulla
594 1593 687 1663 ratio,
720 1591 771 1650 ubi
799 1611 857 1650 non
888 1611 982 1650 moras
1012 1586 1139 1669 (τρόπος)
1167 1589 1383 1668 significantur

249 1695 385 1766 solitarii,
408 1695 460 1752 sed
481 1695 578 1752 victus
601 1688 722 1770 (τροφή).
751 1725 793 1734 -
823 1695 894 1752 689.
918 1689 1108 1753 commodule
1131 1701 1191 1762 est,
1223 1695 1244 1752 i.
1271 1715 1300 1751 e.
1326 1693 1379 1751 ha·

248 1795 345 1854 betur.
399 1797 434 1854 R.
468 1795 733 1869 ,commodulum“.
770 1825 807 1834 -
842 1788 976 1868 fabulis,
1011 1799 1030 1856 i.
1061 1817 1086 1855 a.
1116 1797 1202 1854 fabis.
1261 1795 1380 1854 Similia

249 1898 409 1972 frugalitas
436 1901 466 1957 in
494 1898 624 1958 secunda
650 1919 751 1958 mensa
778 1917 806 1957 v.
832 1898 903 1957 Hor.
929 1899 991 1958 Sat.
1016 1898 1055 1973 Π,
1080 1902 1107 1970 2,
1134 1900 1204 1957 122.
1229 1928 1273 1938 —
1305 1901 1378 1957 690.

248 2001 310 2059 Iam
345 2022 404 2060 non
438 2005 496 2080 ipsi
529 2002 642 2060 fructus
676 2007 900 2072 enumerantur,
941 2001 992 2060 sed
1033 2003 1145 2060 cibaria
1180 2001 1251 2058 inde
1287 2001 1379 2074 facta,

250 2106 380 2163 crustula
409 2109 439 2163 et
467 2104 588 2178 similia,
619 2123 655 2161 ne
685 2105 801 2164 mireris
829 2106 859 2162 in
892 2104 1072 2180 singularem
1103 2123 1259 2162 numerum
1296 2109 1379 2162 tran-

250 2208 311 2265 siri.
367 2205 425 2264 Sed
457 2209 556 2286 prima
588 2211 730 2284 corrupta
763 2213 840 2264 sunt.
898 2207 1025 2266 Turneb.
1060 2207 1143 2278 „olea
1177 2208 1207 2264 in
1238 2203 1374 2282 tryblio³

250 2328 316 2380 em,
340 2309 374 2368 R.
401 2311 501 2382 „oleae
524 2305 664 2385 tryblio“,
690 2309 793 2368 Goetz.
819 2309 920 2384 „oleis
944 2309 1121 2381 inlubulo“;
1144 2329 1208 2386 ego,
1232 2311 1258 2366 ai
1282 2309 1376 2367 anda-

251 2414 296 2470 cia
317 2419 498 2489 suppeteret,
521 2413 680 2472 scriberem
706 2413 808 2486 „oleae
830 2408 1012 2485 intertrito“,
1036 2415 1121 2488 quasi
1145 2414 1261 2484 intrito,
1285 2432 1375 2469 voca·

249 2514 320 2572 bulo
343 2535 435 2588 novo,
471 2516 522 2574 sed
550 2521 629 2574 recte
648 2516 801 2588 deamata,
836 2517 855 2574 i.
879 2535 904 2573 e.
928 2515 1002 2572 oleis
1032 2515 1174 2588 conditis,
1210 2515 1247 2573 cl.
1271 2513 1375 2572 Calon.

251 2617 285 2677 R.
300 2618 333 2675 R.
353 2620 426 2677 117:
454 2618 562 2690 ,Olera
586 2617 670 2676 albae
693 2618 937 2694 quemadmodum
962 2618 1146 2676 condiantur.
1191 2619 1375 2693 Antequam

251 2723 353 2794 nigrae
386 2720 466 2792 fiant,
501 2721 723 2779 contundantur
757 2727 787 2778 et
819 2723 848 2778 in
882 2741 988 2798 aquam
1024 2720 1199 2778 deiciantur.
1263 2719 1374 2778 Crebro

252 2843 357 2900 aquam
380 2829 483 2892 mutet,
507 2821 621 2896 deinde,
643 2824 696 2881 ubi
718 2825 790 2884 satis
813 2830 977 2882 maceratae
1001 2827 1097 2894 erunt,
1121 2824 1269 2898 exprimat
1291 2827 1325 2879 et
1346 2823 1375 2878 in

253 2933 368 2984 acetum
402 2927 528 2986 coniciet
563 2933 593 2984 et
626 2926 723 2984 oleam
756 2925 861 3001 addat3
901 2927 972 2984 salis
1010 2925 1148 2984 selibram
1181 2928 1213 2983 in
1246 2923 1374 2981 modium

252 3030 398 3100 olearum,
431 3030 591 3088 feniculum
622 3035 652 3087 et
684 3029 839 3088 lentiscum
869 3049 1001 3089 seorsum
1031 3027 1140 3086 condat
1167 3029 1198 3085 in
1227 3021 1373 3084 acetnm“.

253 3131 348 3190 Simili
371 3131 458 3190 modo
482 3153 518 3191 ex
541 3127 679 3207 lapillis,
703 3133 722 3189 i.
747 3153 772 3189 e.
795 3131 920 3208 lupinis,
944 3126 1142 3191 comminutis
1165 3137 1196 3187 et
1219 3131 1374 3187 maceratis

253 3235 397 3310 placentae
419 3252 512 3309 genus
536 3235 638 3309 fiebat,
674 3254 732 3312 quo
762 3253 852 3310 quum
876 3233 966 3307 vulgo
996 3235 1033 3292 ad
1056 3233 1145 3290 boves
1168 3231 1291 3290 alendos
1312 3238 1374 3289 ute·

252 3341 374 3408 rentur,
401 3357 430 3395 v.
453 3336 565 3396 Colum.
588 3337 625 3409 II,
654 3341 700 3398 10.
734 3338 825 3398 Poen.
851 3339 926 3410 597,
958 3336 1005 3395 hic
1028 3336 1117 3393 eliam
1141 3353 1294 3394 servornm
1317 3333 1375 3390 frn-

253 3440 362 3519 galitas
384 3445 522 3499 contenta
545 3445 598 3499 est.
622 3470 664 3482 —
687 3443 745 3500 691
771 3439 993 3498 affert-Nonius
1015 3460 1044 3518 p.
1064 3439 1122 3498 511
1148 3438 1206 3495 sic:
1244 3443 1310 3510 „sat
1333 3441 1376 3493 est

255 3545 334 3602 serui
368 3543 480 3601 homini
520 3544 653 3602 modeste
686 3544 783 3601 lacere
816 3548 966 3620 sumptum
1001 3561 1087 3618 quam
1122 3539 1291 3617 ampliter“,
1325 3539 1374 3596 ubi

254 3652 334 3704 recte
355 3643 495 3718 „melius“
518 3647 675 3705 omittitur.
711 3639 880 3705 Satiris.
915 3639 1068 3720 ampliter,
1091 3663 1120 3701 v.
1134 3643 1290 3702 adBaccb.
1304 3643 1372 3702 671.

254 3779 298 3790 --
320 3751 390 3808 692.
414 3743 552 3823 scaphiis
574 3748 673 3820 Both,
697 3771 724 3807 r.
749 3748 786 3807 ad
809 3747 913 3806 Bacch.
940 3749 994 3820 68;
1018 3747 1154 3824 ἀργυροῦν
1176 3745 1267 3804 habet
1282 3745 1373 3803 Athe·

255 3871 336 3910 naus
359 3851 399 3908 IV
420 3872 450 3928 p.
478 3853 536 3910 142
560 3851 587 3908 d.
618 3879 658 3890 —-
688 3853 759 3910 693.
794 3845 936 3910 Baliaris
964 3852 1069 3926 scripsi
1098 3870 1164 3908 cum
1192 3847 1309 3907 Loewio
1340 3867 1373 3904 ex

255 3955 423 4030 glossariis,
458 3975 485 4012 v.
509 3953 663 4014 Prodrom.
687 3976 716 4033 p.
741 3956 811 4014 276.
862 3955 974 4029 βατιάκη
1002 3957 1032 4011 et
1059 3953 1196 4028 βατιάκιον
1223 3957 1268 4008 est
1296 3947 1372 4026 apud

255 4057 427 4116 Athenaeum
450 4055 493 4114 Xl
515 4077 544 4134 p.
568 4057 629 4115 ⁷84
654 4079 683 4117 a:
718 4058 837 4134 Περσικὴ
860 4057 889 4113 δὲ
911 4059 994 4130 φιάλη
1016 4055 1032 4128 ἦ
1052 4054 1372 4132 βατιάκη....βατιιὶιω

256 4161 375 4238 οἲργαραῖ
396 4161 562 4232 κατάχρυσοι
584 4165 661 4235 τρεῖς,
684 4159 718 4218 cf.
738 4180 767 4237 p.
781 4161 842 4218 480
861 4179 887 4219 a.
908 4160 969 4218 497
986 4159 1005 4218 s.
1051 4159 1169 4217 Batiola
1186 4177 1234 4234 ap.
1246 4155 1370 4215 Nonium

255 4284 284 4341 p.
299 4265 374 4324 545:
402 4262 544 4338 ,Plautus
568 4261 685 4322 Colace:
710 4261 852 4320 batiolam
876 4282 994 4320 auream
1018 4267 1084 4320 octo
1099 4261 1200 4338 pondo
1218 4253 1371 4317 habebal“.

255 4395 297 4406 -
322 4359 429 4426 bibunt
454 4368 650 4443 posteriorem
680 4367 817 4442 corripit,
853 4385 907 4424 nec
936 4371 982 4423 est
1009 4364 1091 4441 quod
1117 4364 1243 4421 tollatur
1264 4363 1305 4420 ai.
1334 4389 1373 4400 -
