2864 5000
46 496 89 562 IV,
111 498 259 561 2,*12-78
518 493 705 547 Trinummnc.

484 680 728 747 Charmidea

447 789 636 874 Callippns?

480 931 738 1018 Sycophanta

680 1039 752 1105 Non
776 1049 835 1106 est.

488 1177 728 1243 Charmides

882 1281 1135 1348 Callidemides?

475 1417 741 1501 Sycophanta

53 1505 122 1568 Non
145 1515 204 1570 est.

489 1631 729 1698 Charmides

234 1742 436 1808 Callinicus?

475 1882 742 1967 Sycophanta

499 1991 572 2056 Non
596 1997 654 2055 cet.

496 2132 732 2198 Charmides

681 2239 940 2306 Gallimarchua?

480 2383 743 2467 Sycophanta

979 2465 1068 2530 Nihil
1092 2466 1171 2547 agis,

54 2579 166 2664 Neque
183 2581 266 2646 adeo
286 2577 403 2662 edepol
419 2576 512 2642 flocci
529 2577 624 2654 facio,
637 2575 768 2658 quando
787 2583 917 2657 egomet
934 2575 1064 2638 memini
1083 2572 1171 2637 mihi.

491 2732 729 2800 Charmides
797 2743 798 2748 ’
888 2799 891 2806 ,

57 2849 95 2911 At
116 2851 200 2915 enim
224 2845 317 2913 multi
341 2844 515 2910 Lesbonici
539 2850 616 2909 aunt
638 2843 707 2922 hio;
729 2845 793 2908 nisi
816 2866 934 2910 nomen
955 2841 1061 2925 patris

58 2949 158 3029 Dicae,
181 2972 246 3016 non
272 2973 403 3036 possum
426 2953 511 3016 istos
535 2959 717 3015 monstrare
740 2951 897 3030 homines,
921 2971 1002 3035 quoa
1018 2956 1055 3013 tu
1073 2968 1171 3030 quae·

764 3058 857 3123 ritas.
1122 3071 1173 3125 920

59 3165 146 3242 Quod
170 3167 212 3232 ad
237 3167 421 3252 exemplum
444 3168 516 3233 est?
540 3167 729 3233 coniectura
752 3167 779 3230 si
802 3167 946 3248 reperire
970 3184 1150 3247 possumus.
1195 3187 1198 3194 ·

482 3331 741 3417 Sycophanta

59 3439 103 3503 Ad
124 3439 186 3505 hoc
208 3440 394 3525 exemplum
417 3448 477 3527 est,
502 3437 543 3505 ad
567 3436 700 3518 Chares,
724 3437 766 3503 ad
789 3436 997 3503 Charmenes.

495 3615 728 3682 Charmides

493 3705 499 3717 '
853 3697 940 3763 Num
963 3697 1173 3763 Charmidea?
1213 3733 1214 3736 π

482 3855 747 3940 Sycophanta

63 3960 115 4026 Em
137 3966 211 4030 istic
235 3965 314 4043 erit3
337 3965 391 4046 qui
414 3965 513 4028 istum
539 3964 572 4032 di
596 3964 746 4047 perdant.

139 4203 188 4256 916
206 4201 448 4256 calliclemidecll
527 4203 578 4254 917
596 4199 780 4254 calimarchue
859 4200 910 4253 919
928 4199 999 4266 Atq;
1017 4196 1046 4251 B
1128 4198 1179 4249 920

65 4291 211 4341 monetmre
229 4303 343 4356 poscam
361 4287 431 4341 ictae
515 4287 565 4340 922
580 4291 645 4352 poet
660 4286 713 4338 931
732 4285 851 4352 emptae
868 4283 900 4337 ia
918 4282 944 4336 B
1029 4282 1176 4336 anchoras·

67 4369 291 4427 ancharmideae
359 4368 602 4440 minamine
668 4371 719 4424 923
737 4367 844 4424 hemO
