2890 5004
43 475 98 542 IV,
116 479 143 544 4,
162 475 262 543 88-Ἶ,
281 479 298 530 8
516 475 728 530 Truculentua.·
1108 482 1171 543 403

477 664 742 730 Phronesium

137 773 212 840 Sine
235 794 370 858 eumpse
392 773 491 850 adire,
515 781 553 838 ut
571 775 671 856 eupit,
694 774 736 838 ad
749 773 805 837 'me
823 771 957 838 adrecta
972 772 1031 849 †si
1050 779 1171 838 tenent.

43 881 97 948 Ne
121 883 225 946 istum
248 890 378 948 ecastor
399 881 496 948 hodie
520 883 640 968 astutia
663 881 830 947 conficiam
853 881 1003 948 fallaciis.

242 1253 611 1319 STRATOPHANES
676 1251 996 1355 PHRONESNJM

333 1371 617 1439 ASTAPHIUM
678 1373 901 1439 STRABAX

459 1568 767 1651 Strato'phanes

45 1679 171 1742 Animo
194 1697 305 1741 amaro
328 1675 396 1740 fero
420 1677 615 1761 supplicium
639 1677 766 1741 damnis
790 1677 832 1741 ad
855 1679 994 1745 amicam
1017 1699 1141 1744 meamq

45 1787 92 1851 Ut
117 1785 205 1849 illud
227 1792 398 1868 acceptum
418 1787 472 1864 sit,
502 1787 594 1868 prius
617 1786 705 1868 quod
728 1786 872 1868 perdidi„
902 1787 964 1850 hoc
986 1788 1104 1852 addam
1128 1791 1176 1852 in-

772 1916 880 1978 super.

49 2003 119 2067 Sed
145 2002 226 2084 quid
248 2002 375 2067 uideo?¹
391 2023 481 2068 eram
504 2009 603 2084 atque
627 2002 778 2067 ancillam
796 2012 872 2068 ante
891 2004 1005 2069 aedis?
1028 2006 1178 2070 adeunda

771 2111 853 2177 haee
876 2114 955 2177 mihi
979 2120 1038 2178 est.
1076 2201 1078 2206 Ι
1128 2131 1179 2184 885

49 2219 140 2296 Quid
165 2219 219 2283 hic
241 2240 300 2284 uos
322 2221 443 2302 agitis?

481 2363 748 2430 Phronesium

457 2472 507 2538 Ne
530 2493 580 2538 me
603 2474 743 2556 appella.

469 2625 773 2712 Stratophanes

755 2737 898 2802 Nimium
921 2739 1044 2819 saeuis3
1067 2740 1115 2803 is.
1131 2790 1137 2802 .
1152 2791 1158 2803 .
1174 2787 1179 2799 .

485 2879 752 2945 Phronesium

53 2987 157 3050 Potin
180 2991 218 3050 ut
240 2985 319 3050 mihi
341 2986 498 3053 molestus
521 3010 560 3052 ne
584 2991 671 3054 sies?

470 3117 784 3227 Stratophanes

638 3250 731 3330 Quid,
756 3251 956 3334 Astaphium,
978 3251 1083 3316 litium
1107 3253 1182 3317 est?

503 3406 740 3491 Astaphium

56 3512 182 3578 Merito
205 3519 354 3579 eccastor
376 3515 438 3579 tibi
462 3523 639 3580 suscenset.

489 3669 760 3735 Phronesium

594 3777 725 3861 Egone?
748 3784 848 3862 atque
870 3780 924 3843 isti
947 3779 1046 3854 etiam
1068 3800 1184 3863 parum

58 3882 149 3948 Male
172 3883 259 3949 uolo.

53 4165 56 4172 .
146 4125 196 4177 881
217 4123 331 4178 Sinaum
348 4125 408 4192 ipae
516 4127 567 4179 882
585 4125 671 4179 hastis
690 4126 849 4181 confectum
962 4127 1050 4181 Tituli
1064 4129 1186 4194 spatium

61 4218 143 4266 adeat
219 4209 330 4266 883Εο
347 4211 417 4264 mihi
435 4227 530 4265 amara
617 4213 668 4264 885
687 4211 764 4264 uidet
840 4218 884 4265 ssi
901 4212 962 4266 haic
980 4212 1048 4264 mihi
1134 4214 1186 4265 886

63 4295 187 4363 appellat
256 4296 359 4350 nimius
376 4298 420 4350 eui
437 4298 477 4352 aie
551 4299 602 4349 887
622 4297 704 4350 Potin
722 4313 751 4349 es
770 4301 802 4348 ut
872 4298 1057 4366 astapilitium
1136 4300 1187 4350 888

64 4381 117 4434 sibi
187 4381 272 4448 lagon
290 4389 374 4450 atque
392 4400 428 4439 ne

931 4489 982 4546 26ίι
