2930 5002
93 505 133 572 IV,
151 510 175 572 0,
192 509 293 562 15-57
592 483 722 569 10001000

536 703 753 768 Daemones

91 799 174 870 Gaue
199 805 281 873 melo
304 829 344 874 sc
365 814 437 875 0000
460 817 511 890 00;
535 815 571 876 00
594 831 694 895 perge
717 818 755 876 00
776 801 933 896 accepisti
956 812 1075 879 dicere.

534 947 750 1013 Trachalio

90 1047 190 1114 Unum
212 1057 245 1116 00
268 1051 413 1134 obsecro,
436 1060 474 1120 00
496 1057 554 1122 ted
575 1057 671 1123 huius
695 1059 949 1124 conmiserescet
971 1061 1125 1142 mulieris,

89 1155 119 1220 Si
142 1157 271 1242 quidem
294 1160 347 1226 hic
369 1162 495 1230 lenonis
519 1166 605 1231 eiust
626 1167 770 1247 nidulus,
792 1187 888 1252 quem
912 1169 1067 1250 suspicor.

89 1263 145 1330 Hic
167 1268 227 1333 nisi
251 1267 292 1334 de
315 1271 467 1354 opinione
490 1282 616 1340 certum
639 1275 722 1341 nihil
745 1277 817 1341 dico
841 1275 912 1340 tibi.

567 1411 720 1492 Gripus·

88 1509 186 1578 Uideu
209 1515 366 1582 scelestus
390 1526 426 1582 00
449 1521 655 1604 aucupatur?

535 1659 746 1726 Trachalio

645 1767 720 1832 Siue
745 1791 793 1834 me
818 1776 856 1835 00
877 1773 988 1856 occepi
1011 1773 1111 1860 loqui.
1137 1795 1203 1846 1000

89 1861 120 1928 Si
142 1867 271 1934 scelesti
292 1869 381 1936 illius
404 1879 455 1937 est
477 1873 530 1939 hic
552 1877 670 1959 quoius
694 1875 766 1942 dico
791 1878 933 1958 nidulus,

89 1969 171 2038 Haec
192 1982 347 2059 poterunt
369 1981 515 2063 uouisse;
538 1985 711 2050 ostendere
734 1985 784 2050 his
806 1988 891 2070 iube.

566 2119 718 2202 Gripus

898 2234 982 2302 Aine
1005 2238 1200 2306 ostendere?

29 2405 34 2432 Ι
499 2307 500 2312 ¹
531 2349 748 2416 Daemones

91 2441 179 2510 Haud
201 2449 346 2534 iniquom
370 2454 459 2536 dicit,
485 2457 595 2541 Gripe,
618 2463 656 2524 00
679 2461 871 2528 ostendetur
893 2464 1034 2531 nidulus.

565 2594 717 2677 Gripus

90 2685 183 2755 Immo
204 2691 314 2761 hercle
336 2697 492 2781 insignite
513 2703 635 2788 inique.

531 2840 751 2909 Daemones

649 2950 712 3028 Qui
734 2954 836 3020 dumi

486 3131 489 3138 .
567 3069 716 3154 Gripus

844 3185 937 3267 Quia,
963 3189 991 3254 si
1013 3189 1198 3273 ostendero,

90 3265 240 3358 Continuo
261 3275 349 3346 hunc
370 3283 502 3350 nouisse
525 3285 636 3354 dicent
657 3291 790 3358 scilicet.

529 3405 745 3476 Trachalio

808 3521 973 3590 Scelerum
996 3532 1106 3610 ceput,
1132 3544 1198 3596 1000

96 3602 130 3670 Ut
148 3615 213 3678 tute
235 3635 279 3695 00,
303 3616 381 3683 item
404 3623 508 3688 omnis
531 3644 645 3691 censes
669 3648 751 3708 0000,
780 3633 902 3714 periuri
926 3638 1034 3718 caput.

456 3728 459 3738 ¹
566 3744 714 3828 Gripus

93 3831 195 3906 Omnis
215 3843 319 3911 istaec
342 3867 400 3931 ega
423 3849 519 3916 facile
543 3856 661 3938 patior,
686 3856 764 3923 dum
786 3858 838 3925 hic
861 3859 936 3927 hinc
959 3884 1048 3932 eme
1065 3865 1195 3932 sentiet.

529 3974 739 4042 Trachalio

91 4063 178 4150 Atqui
198 4093 284 4137 0000
307 4073 366 4140 ebs
388 4083 422 4143 00
445 4086 527 4162 0000;
549 4103 662 4151 uerum
687 4087 763 4151 hinc
786 4088 863 4154 cibit
884 4092 1115 4159 testimonium.

91 4217 276 4237 “”·““----..

164 4311 303 4366 10780100
322 4319 363 4369 000
419 4317 485 4373 1080
503 4321 637 4376 scelestus
656 4325 679 4377 is
698 4329 897 4396 0000000000
948 4325 1076 4388 1088100
1129 4335 1194 4389 1088

90 4390 216 4461 000000
283 4399 349 4455 1084
367 4399 451 4470 Quasi
469 4403 498 4459 B
570 4409 633 4463 1088
650 4409 691 4465 ibi
