2920 4998
242 447 305 508 438
743 416 877 496 Rudeua·¹

328 639 388 696 696
418 655 481 714 sqq.
511 636 653 695 trochaici
682 638 852 714 septenarii.
904 635 950 694 Ad
977 636 1105 712 primum
1132 655 1161 692 v.
1191 635 1229 692 cf.
1263 633 1386 692 Pseud.

244 743 320 800 352:
357 745 517 816 „quantum
544 743 654 798 terram
682 741 784 814 tetigit
816 739 967 796 homiuum
1000 735 1244 816 periurieanma“.
1316 737 1385 796 De·

243 863 346 902 mones
375 844 473 900 exite
501 841 585 914 fano,
621 861 654 900 ac
682 839 751 900 dum
779 841 883 900 lorarii
913 840 1074 900 hebraeam
1102 839 1172 898 inde
1200 840 1385 908 abducunt,
1456 909 1458 930 ,

242 945 356 1024 puellae
379 945 416 1003 ad
439 965 519 1003 aram
543 951 610 1002 ante
628 944 719 1002 adam
736 945 864 1020 positam
882 944 1040 1020 confugere
1058 943 1149 1002 iubat.
1195 943 1264 1002 Sed
1285 963 1385 1020 quum

242 1055 410 1126 coquentes,
428 1054 463 1105 ut
479 1053 574 1124 putat,
595 1048 803 1124 circumspicit,
827 1067 876 1104 eaa
896 1067 955 1105 uon
974 1048 1070 1120 videt,
1093 1065 1161 1104 nam
1180 1048 1245 1104 iam
1266 1055 1385 1124 sponte

1454 1049 1458 1140 ι

243 1171 298 1210 aua
325 1171 405 1210 aram
435 1154 665 1227 occupaverant,
698 1149 749 1208 ubi
771 1149 995 1208 Trachalionem
1020 1148 1188 1208 adstantem
1211 1150 1383 1210 videbant.
1454 1154 1456 1211 fi

244 1282 284 1293 -
319 1254 388 1312 698.
422 1247 639 1326 columma&
680 1252 793 1312 Acidal.
831 1248 1032 1326 „uoluerant
1092 1253 1207 1311 Plurali
1249 1273 1383 1313 numero

242 1355 398 1414 Daemones
427 1357 516 1413 etiam
544 1373 645 1415 aervoa
674 1375 742 1416 auca
770 1356 987 1432 complectitur.
1040 1355 1167 1413 horario
1196 1357 1307 1433 igitur
1330 1361 1382 1415 tri·

243 1459 360 1518 buenda
386 1465 456 1516 eunt
483 1460 619 1534 proxima
646 1458 752 1532 rerba,
786 1478 851 1537 quae
879 1458 997 1517 Reiziua
1018 1457 1225 1532 Trachalioni,
1268 1460 1382 1518 Fleck-

243 1565 371 1621 eisenine
394 1561 526 1620 Doemoni
548 1563 704 1620 dederunt.
729 1591 769 1602 --
792 1555 868 1620 Iube
889 1557 980 1622 modo
1004 1557 1135 1632 accedat,
1157 1561 1197 1619 cf.
1215 1564 1264 1620 ad
1286 1563 1380 1622 hicet.

244 1667 315 1725 912.
360 1664 495 1723 Mueller.
529 1664 614 1737 ,Sine
645 1663 746 1723 modo“
778 1665 915 1743 postulat
944 1663 1065 1723 Nachtr.
1088 1682 1117 1739 p.
1142 1667 1194 1722 22.
1221 1694 1275 1708 -·-
1309 1671 1381 1727 699.

247 1763 365 1842 ,Tune“
380 1769 479 1844 inquit
495 1769 593 1841 ,leges
611 1773 641 1824 ct
658 1767 779 1826 foedera
797 1787 861 1826 cum
879 1768 936 1826 diis
953 1771 1055 1825 eancta
1072 1785 1211 1844 rumpere
1232 1767 1378 1830 audeo?a

244 1871 438 1947 Interpretcrr
450 1870 540 1946 vulgo
563 1865 790 1945 leqirupionem
811 1891 866 1947 pro
889 1871 987 1945 legum
1010 1874 1133 1946 ruptore
1155 1873 1305 1949 capiunt,
1329 1875 1381 1932 sed

242 1977 268 2032 ia
291 1974 426 2051 legirupa
448 1978 501 2045 eat,
525 1994 552 2032 v.
576 1992 667 2050 aupra
689 1976 760 2032 641.
795 1971 901 2032 Pacud.
927 1976 997 2033 365.
1030 1972 1111 2030 Pera.
1136 1973 1186 2032 69.
1215 1975 1380 2056 legirupio

244 2083 289 2135 est
306 2077 379 2154 legia
397 2077 507 2153 ruptio,
531 2078 691 2134 formatum
709 2082 743 2134 ut
759 2077 893 2154 pignoris
910 2079 1004 2154 capio,
1023 2075 1138 2152 adagio,
1157 2077 1207 2150 al,
1227 2097 1262 2138 v.
1282 2080 1379 2152 Naue,

242 2180 392 2240 Formenl.
405 2179 419 2238 I
430 2200 459 2257 p.
475 2180 545 2239 654.
592 2193 661 2238 mem
678 2185 775 2238 auum
795 2180 904 2237 dicitur
920 2183 955 2236 ut
973 2177 1032 2237 Cic.
1050 2179 1231 2257 prov.’cona.
1252 2185 1309 2258 10,
1324 2189 1378 2244 24:

246 2282 350 2356 „Quod
373 2283 445 2340 mihi
468 2282 568 2342 odium
590 2302 655 2341 cum
678 2281 710 2339 P.
735 2281 839 2340 clodio
856 2278 952 2339 fuiti“
979 2281 1092 2342 athir.
1106 2281 1247 2356 XXVIII,
1273 2289 1328 2358 18,
1351 2291 1377 2347 3.

244 2385 302 2443 cio.
327 2384 401 2442 Phil.
425 2384 498 2457 Xll,
523 2387 550 2456 7,
577 2387 630 2442 17:
668 2385 710 2459 „si
733 2383 868 2444 habenda
897 2404 961 2442 cum
991 2384 1030 2442 M.
1057 2386 1178 2444 Antonii
1208 2387 1379 2450 latrocinio
1450 2438 1451 2489 ,

242 2489 324 2565 pacis
345 2489 420 2545 ratio
439 2482 525 2546 fuit“.
550 2488 584 2545 cf.
599 2486 682 2546 Verr.
695 2486 733 2561 11,
747 2489 796 2562 65,
814 2489 882 2546 159.
927 2486 995 2546 Nat.
1009 2486 1044 2545 D.
1056 2487 1080 2556 1,
1094 2489 1144 2559 41,
1160 2489 1238 2547 116:
1272 2493 1377 2566 „deca

243 2610 308 2648 cum
330 2589 438 2666 quibus
461 2589 533 2666 quid
555 2595 657 2668 potent
677 2590 764 2650 nobie
789 2610 851 2648 eoae
873 2586 985 2648 iurie?“
1011 2591 1046 2648 cf.
1065 2589 1191 2663 0ffi111,
1217 2595 1274 2666 29,
1307 2601 1376 2656 107.

242 2693 341 2752 Madv.
354 2693 419 2753 Em.
433 2688 554 2769 Liv.²p.
569 2695 639 2752 664.
664 2693 894 2754 infraad1369.
934 2685 1024 2752 nobis
1042 2697 1087 2752 est
1105 2695 1222 2753 datirua
1240 2699 1375 2759 ethicus.

241 2797 345 2873 Itaque
364 2796 619 2855 emendationibus
637 2816 737 2854 carere
754 2817 839 2875 posse
858 2795 1000 2869 videmur,
1019 2817 1092 2874 quaa
1109 2802 1270 2858 tentarunt
1292 2802 1374 2863 Brix.

241 2900 346 2958 Annal.
365 2899 438 2977 phil.
457 2898 534 2957 Oxv
551 2921 580 2977 p.
602 2901 677 2958 336:
704 2899 786 2972 „Tun
809 2902 944 2978 legirupa
967 2901 1116 2974 indiguam
1134 2901 1180 2958 hic
1198 2902 1292 2963 nobis
1312 2912 1374 2968 uim

242 3003 400 3061 disfacere
423 3001 594 3078 postulaa?“
632 3003 798 3061 Francken.
823 3003 962 3062 Mnemoa.
987 3002 1030 3062 ΠΙ
1051 3022 1080 3079 p.
1101 3005 1154 3062 51:
1179 3003 1268 3077 „Tun
1294 3009 1371 3087 lagi-

241 3125 317 3181 rupa
339 3107 504 3182 raptionem
528 3105 575 3163 hic
598 3104 683 3162 nobie
706 3106 801 3164 lacere
824 3101 998 3183 postulaa?“
1017 3135 1058 3144 -
1077 3106 1147 3181 ⁷03.
1169 3120 1238 3165 αιηι
1257 3111 1369 3184 prelia

243 3207 308 3281 talc,
332 3207 363 3265 id
385 3209 465 3284 quod
488 3213 521 3266 tu
545 3208 616 3266 mibi
633 3208 754 3286 pendae,
778 3211 860 3268 cuiue
879 3211 921 3266 rei
941 3215 974 3267 tu
991 3228 1102 3286 poenae
1121 3209 1213 3282 dabie,
1237 3213 1278 3271 cf.
1295 3215 1369 3276 Hor.

241 3309 360 3383 0d.111,
374 3311 422 3385 24,
438 3311 493 3368 24:
521 3310 579 3382 „Et
600 3331 721 3385 peccare
744 3312 826 3370 nefas
850 3319 902 3370 aut
923 3314 1052 3389 pretium
1071 3319 1117 3372 eet
1134 3309 1237 3372 mori“.
1287 3333 1369 3390 mam,

241 3413 276 3472 cf.
306 3411 410 3472 Bacch.
441 3415 511 3472 500.
547 3444 586 3454 -
625 3417 685 3474 702
714 3433 757 3491 aq.
792 3415 897 3473 Exitus
931 3434 1067 3476 uersuum
1101 3415 1254 3474 Turnebus
1295 3441 1368 3500 sup

240 3518 348 3596 plevit,
378 3518 504 3577 fortasse
528 3539 564 3576 cx
592 3518 707 3590 codice,
738 3521 789 3596 qui
817 3521 977 3578 intercidit.
1002 3549 1042 3559 -
1066 3521 1137 3578 703.
1172 3515 1365 3600 medeam,

240 3621 425 3698 locupletem.
458 3644 500 3660 -·-
530 3623 601 3679 704.
630 3621 794 3697 Sponaione
817 3623 977 3681 Lebrecem
1006 3627 1149 3699 provocat
1175 3623 1307 3685 formula
1330 3651 1365 3688 ex

239 3723 314 3781 Gaio
338 3718 399 3797 (IV,
427 3717 480 3798 93)
501 3728 580 3782 uota.
625 3724 672 3782 Ex
694 3727 852 3801 sponsione
876 3731 977 3782 mutua
1000 3725 1111 3783 arbiter
1133 3723 1361 3794 Trachalionem

241 3825 455 3898 condemnabit,
480 3829 505 3886 ei
528 3827 661 3905 parebit,
695 3829 810 3905 puellae
833 3828 974 3889 Labrocia
997 3848 1060 3886 asae
1082 3849 1135 3887 nec
1156 3829 1264 3889 liberae
1298 3857 1363 3897 asse

240 3933 393 4005 oportere,
427 3928 462 3987 cl.
488 3929 566 3987 infra
597 3932 689 3990 1366.
734 3945 788 3991 eac
812 3947 882 3999 ¹esse
911 3931 1030 4006 oporte
1059 3933 1130 3990 olim
1159 3933 1359 4001 emendatum,

240 4060 277 4072 -
304 4034 374 4091 105.
404 4028 491 4092 Nlue
513 4034 682 4107 Acidaliua3
712 4035 741 4094 te
767 4055 869 4093 verena
897 4055 987 4096 cauea
1007 4038 1232 4113 transpositum.
1275 4056 1359 4102 cora-

123 4169 124 4172 =
231 4131 343 4212 pingui,
373 4136 408 4194 cf.
436 4137 506 4196 535.
540 4167 581 4176 -
615 4139 691 4212 707,
727 4139 763 4198 cf.
786 4137 867 4196 Pera.
892 4139 962 4196 686.
1018 4137 1114 4198 Huius
1142 4139 1201 4198 diei
1229 4143 1359 4222 initium,

237 4239 344 4316 inquit,
369 4261 428 4297 non
451 4238 482 4296 id
504 4239 574 4311 fuit,
603 4246 637 4299 ut
659 4241 731 4299 mihi
754 4261 820 4300 cum
842 4240 982 4300 furcifero
1005 4241 1197 4302 fabulandum
1219 4265 1281 4302 ease
1305 4271 1357 4327 pu·

238 4347 341 4399 tarem.
376 4341 419 4399 De
437 4349 571 4418 tempore
589 4345 624 4402 cl.
638 4345 675 4404 ad
695 4345 764 4404 130.
778 4375 819 4383 —
833 4345 902 4403 710.
922 4339 990 4422 Ape
1008 4341 1082 4404 dum
1100 4345 1166 4405 edd.
1203 4344 1356 4414 Sententia
