2930 5002
760 452 856 508 eiius
1185 451 1220 519 11,
1238 453 1261 518 a,
1281 453 1357 504 e-ir

699 642 910 708 Trachalio

1107 750 1189 816 Heia
1210 772 1299 832 uero,

246 863 347 943 Quasi
369 884 434 928 non
457 862 500 928 sil
520 863 620 928 inlus.

692 1003 919 1084 Ampelisca

495 1115 610 1198 Neque
632 1113 688 1198 pol
712 1119 888 1196 estusque
911 1113 975 1178 huc
997 1111 1132 1196 quidem
1155 1112 1241 1177 ullus
1264 1111 1356 1177 uenit.

702 1268 910 1333 Trachalio

244 1380 319 1446 Non
340 1380 455 1446 uenit?

696 1529 916 1612 Ampelisca
1448 1541 1449 1552 ¹

491 1643 580 1709 Uera
601 1639 782 1725 praedicas.

697 1795 909 1861 Trachalio

803 1903 877 1970 Non
900 1910 952 1971 est
973 1925 1092 1988 meum,
1115 1904 1308 1989 Ampelisca.

244 2015 309 2082 Sed
331 2035 429 2099 quam
452 2035 528 2080 mox
551 2019 679 2080 coctum
703 2017 754 2076 est
775 2011 974 2096 prandium?

691 2168 917 2248 Ampelisca

756 2275 851 2354 Quod
873 2277 1059 2362 prandium,
1082 2275 1219 2344 obsecro
1242 2275 1296 2342 te?
1313 2291 1360 2345 aso
1451 2309 1452 2336 3

702 2432 911 2497 Trachalio

243 2540 367 2625 Nempe
390 2562 458 2606 rem
481 2542 625 2607 diuinam
648 2540 760 2606 facilis
783 2541 845 2606 hio.

691 2697 916 2777 Ampelisca

898 2803 985 2883 Quid
1008 2805 1163 2886 somnias,
1185 2801 1323 2870 amabo?

697 2961 914 3026 Trachalio

243 3065 340 3134 Certe
362 3068 427 3134 huc
450 3067 580 3134 Labrax
603 3067 645 3134 ad
668 3069 840 3153 prandium
862 3069 997 3135 uocauit
1018 3066 1250 3152 Plesidippum,

244 3175 345 3242 Erum
366 3197 476 3242 meum
499 3198 575 3242 erus
598 3183 720 3244 uester.

689 3331 917 3413 Ampelisca

747 3440 806 3508 Pol
828 3440 917 3506 haud
941 3439 1090 3506 miranda
1112 3439 1202 3506 iscla
1225 3437 1322 3517 dieis;

244 3548 278 3613 Si
303 3547 381 3614 daos
406 3549 536 3634 decepit
560 3560 594 3615 et
616 3550 770 3628 homines,
793 3550 946 3615 lenonum
969 3570 1060 3614 more
1082 3547 1170 3614 fecit.

703 3705 915 3770 Trachalio

244 3812 318 3879 Non
341 3833 409 3878 rem
433 3813 576 3878 diuinam
600 3812 708 3878 facitis
731 3814 785 3878 hic
807 3833 868 3878 uos
890 3834 998 3898 neque
1020 3812 1121 3878 erus?

692 3967 920 4048 Ampelisca

1140 4073 1294 4138 Adolsre.
1313 4084 1360 4139 845

331 4281 382 4334 337
401 4280 532 4335 helauero
610 4281 662 4334 340
679 4285 748 4347 quos
765 4279 793 4333 B
871 4281 919 4332 341
938 4279 984 4334 hic
1001 4278 1048 4334 hic
1066 4277 1093 4333 Β
1167 4279 1219 4332 842
1237 4273 1361 4346 plsaidip-

245 4383 312 4434 pum
329 4366 443 4421 uocauit
460 4365 496 4420 ad
513 4364 661 4436 prandium
