2890 5004
48 489 78 557 V,
95 491 192 544 22—31
509 489 701 542 Truculentua.

469 678 731 743 Phronesium

43 789 159 870 Accipe
182 787 244 852 boc
268 779 369 870 atque
393 783 520 852 auferto
542 788 640 853 intro.

509 923 691 990 Strabax

610 1030 673 1096 Ubi
697 1053 767 1096 mea
789 1033 895 1096 amica
918 1039 968 1098 eet
990 1036 1159 1116 gentium?

41 1141 152 1222 Neque
164 1142 234 1206 ruri
245 1162 352 1224 neque
366 1141 418 1207 hio
431 1142 538 1224 operia
556 1142 732 1224 quicquam
742 1138 851 1224 ‚facio;
874 1163 1066 1225 corrumpor
1085 1145 1159 1209 situ.

41 1249 92 1313 lta
114 1251 212 1313 miser
235 1248 384 1314 cubando
407 1250 439 1312 iu
462 1250 547 1314 lecto
570 1250 624 1313 hic
647 1249 868 1331 exspectando
891 1249 1042 1316 obdurui.
1111 1269 1161 1321 906

41 1356 104 1422 Sed
127 1377 236 1422 eccam
258 1357 365 1422 uideo.
410 1358 499 1422 Heus
522 1359 638 1436 amica,
662 1357 740 1439 quid
764 1359 858 1440 agis?

454 1492 752 1576 Stratophanes

781 1602 862 1679 Quis
885 1604 952 1669 illic
974 1609 1019 1668 est
1041 1605 1159 1671 homo?

464 1739 730 1805 Phronesium

44 1847 144 1924 Quem
167 1868 226 1930 ego
250 1854 381 1914 ecastor
402 1869 494 1931 mage
518 1869 591 1912 amo
613 1849 711 1913 multo
735 1869 832 1930 quam
856 1855 898 1913 te.

445 1985 750 2069 Stratophanes

699 2094 802 2172 Quam
827 2096 898 2159 me?
921 2175 923 2180 ,
944 2094 1014 2172 Quo
1038 2097 1158 2161 modo?

462 2214 728 2279 Phronesium

40 2323 107 2388 Hoc
130 2322 238 2400 mode,
262 2329 299 2387 ut
322 2323 478 2388 molestus
501 2344 541 2385 ne
566 2323 620 2387 eie.

445 2442 743 2525 Stratophanes
777 2495 788 2517 ,

452 2552 561 2616 Iamne
583 2551 655 2615 ahie
679 2559 752 2634 poet
775 2572 874 2636 quam
896 2574 1010 2617 aurum
1035 2554 1157 2620 habes?

461 2682 728 2748 Phronesium

42 2787 175 2855 Condidi
198 2791 283 2856 intro
307 2791 394 2875 quod
417 2789 546 2855 dedisti.

487 2948 489 2952 ¹
506 2917 682 2982 Strabax
757 3009 765 3024 ,

543 3026 627 3089 Ades
648 3033 694 3103 ta,
719 3027 837 3107 amica3
861 3032 893 3091 te
916 3027 1085 3110 adloquor.
1105 3044 1157 3096 910

441 3222 443 3227 ,
461 3162 728 3227 Phronesium

42 3273 81 3334 At
104 3293 163 3354 ego
189 3272 231 3335 ad
254 3278 288 3336 te
311 3271 410 3350 ibam,
434 3293 507 3336 mea
530 3270 656 3336 delicia.

508 3413 686 3479 Strabax

692 3523 808 3587 Hercle
832 3546 911 3588 uero
935 3525 1029 3602 serio,

45 3629 242 3715 Quamquam
265 3653 324 3715 ego
346 3632 408 3697 tihi
431 3633 546 3696 uideor
566 3631 695 3711 stultus,
718 3633 860 3715 gaudere
879 3634 981 3715 aliqui
998 3653 1050 3696 me
1071 3633 1155 3697 uolo.

44 3736 120 3803 Nam
144 3760 343 3823 quamquam
367 3761 402 3805 ee
421 3739 518 3820 bella,
545 3741 629 3805 malo
648 3748 704 3805 tuo
722 3761 765 3818 ee,
789 3742 850 3805 nisi
868 3762 954 3805 nunc
973 3762 1031 3822 ego
1052 3740 1155 3822 aliqui

703 3919 704 3924 η
750 3849 886 3931 gaudeo.

122 4055 173 4108 904
190 4071 235 4106 me
297 4054 419 4106 centium
487 4055 538 4106 905
555 4052 631 4106 facto
701 4055 752 4108 907
770 4053 869 4106 Sidene
887 4051 915 4106 Β
982 4052 1097 4105 amicam

47 4137 98 4204 agia
114 4140 189 4192 mille
208 4139 270 4208 quia
287 4138 344 4192 illic
362 4138 446 4192 homo
516 4141 567 4192 908
585 4139 721 4194 caetero
788 4157 838 4206 age
925 4139 1012 4190 multo
1031 4151 1081 4191 orn.

48 4239 95 4288 qua
112 4243 155 4278 me
173 4224 201 4278 Β
261 4227 311 4279 909
328 4227 383 4278 iam
445 4243 511 4279 auru
530 4225 558 4278 Β
620 4226 724 4278 habene
745 4224 772 4289 0,
791 4225 850 4277 aloia
869 4224 897 4279 Β
954 4225 1005 4276 910
1024 4222 1102 4277 adeat
1120 4222 1157 4290 B,

49 4307 160 4366 abesto
249 4311 297 4388 911
317 4311 364 4364 ibo
383 4310 479 4365 adme
499 4311 598 4365 delicia
683 4313 733 4363 912
751 4309 881 4365 eultueG
962 4311 1012 4362 919
1031 4315 1072 4362 eet

49 4396 277 4464 mfflmm
379 4461 383 4470 ἱ
