2928 4996
542 436 575 491 v.
594 439 738 492 666-666.
1144 443 1205 507 627

69 655 104 712 p.
133 637 203 694 359.
247 634 400 693 Prcdrcm.
423 653 452 710 p.
477 634 552 692 277:
589 632 699 707 „elur-a,
722 629 837 692 aimia“.
884 631 976 692 Simia
998 639 1097 694 autem
1120 638 1202 693 tetra

72 743 108 795 et
127 737 238 796 nullius
253 755 325 795 usus
338 737 433 796 bestia
444 741 497 807 est,
515 755 542 794 v.
556 733 646 794 Most.
660 736 730 794 870.
762 733 826 794 Μ11.
843 737 912 794 180.
926 737 997 796 287.
1010 765 1053 776 -
1064 735 1092 796 ie
1103 735 1203 796 osten-

71 839 179 898 totum
199 839 239 912 A,
264 839 300 898 cf.
322 817 546 908 ,extentatum“
566 837 655 896 Most.
675 837 746 898 584.
766 865 808 878 -
825 852 896 896 cum
915 838 950 910 A,
974 838 1010 896 cf.
1030 837 1115 898 Cure.
1130 840 1201 898 231.

72 942 143 999 Mil.
157 942 226 1000 659.
260 940 337 1001 Rud.
357 942 428 1001 319.
446 969 488 982 —-
505 953 578 1000 0886
594 941 787 1017 contemptim
809 960 866 1019 pro
889 959 1015 1018 corpore
1032 959 1140 1001 macro.
1160 971 1203 983 —-

73 1045 151 1103 268.
173 1055 269 1102 suaso
290 1046 316 1103 A
339 1048 370 1102 et
392 1043 471 1101 Fest.
494 1061 524 1118 p.
549 1043 626 1101 302:
663 1041 806 1116 „Sensum
835 1042 917 1102 cclcc
939 1044 1120 1122 appellatur,
1151 1047 1204 1122 qui

70 1145 110 1204 fit
135 1165 170 1205 ax
192 1145 344 1206 stillicidio
367 1147 482 1204 fumoso
505 1145 536 1203 in
558 1145 737 1203 uestimento
759 1144 835 1203 albo.
880 1145 1020 1206 Plautus:
1055 1148 1127 1224 quia
1147 1148 1204 1206 tibi

70 1267 164 1308 suaso
197 1249 341 1322 infecisti,
375 1246 567 1325 propudiosa,
600 1246 752 1325 pallulam.
808 1246 933 1319 Quidam
967 1253 1068 1308 autem
1099 1248 1205 1326 legunt

69 1353 206 1410 insunsc.
250 1349 311 1410 Neo
333 1350 449 1422 desunt,
473 1349 525 1425 qui
547 1349 649 1407 dicant
671 1367 787 1407 omnem
809 1349 950 1422 colorem,
979 1352 1031 1427 qui
1061 1348 1203 1412 661661-

71 1453 191 1527 ciendo,
215 1473 334 1514 suasum
356 1455 464 1524 rocon,
488 1450 569 1527 quod
592 1451 677 1529 quusi
699 1453 898 1529 persuadetur
919 1455 949 1510 in
967 1453 1059 1512 ulium
1082 1474 1119 1512 ex
1136 1454 1204 1518 clbc

70 1551 235 1644 transire“.
286 1556 364 1615 Edd.
386 1561 497 1634 praeter
519 1552 627 1632 Speng.
653 1551 823 1628 „insuseo“,
853 1555 888 1613 cf.
913 1554 993 1614 Fest.
1017 1555 1099 1634 Epit.
1126 1558 1202 1616 lll:

74 1659 253 1731 „Incussum
286 1657 479 1738 appellabunt
512 1656 641 1716 colorem
674 1656 800 1716 similem
833 1658 930 1730 luteo,
965 1661 1017 1734 qui
1046 1657 1137 1717 fiebat
1166 1680 1203 1718 ex

70 1761 191 1819 fumoso
213 1759 398 1822 stillicidic“.
449 1760 628 1837 Contempto
651 1759 770 1818 nomine
798 1779 901 1820 servus
930 1761 1064 1835 speciosis
1086 1762 1201 1821 ancillis

71 1862 222 1940 appellat,
246 1883 305 1940 quc
329 1868 463 1923 ornatam
486 1881 551 1920 eum
573 1881 605 1920 se
627 1866 779 1921 ostentare
801 1861 883 1922 dicit.
934 1863 1026 1921 Recte
1048 1865 1127 1923 enim
1150 1863 1200 1941 Sp.

71 1966 155 2024 huuc
176 1985 294 2025 versum
317 1986 382 2025 cum
406 1964 592 2024 antecedenti
615 1965 726 2038 iunxit,
760 1984 818 2023 non
841 1983 906 2024 cum
934 1970 1085 2043 sequenti,
1120 1969 1202 2026 cuius

71 2070 205 2146 primum
228 2069 403 2128 uocabulum
425 2063 481 2127 An
502 2070 681 2126 sententiam
703 2068 834 2145 incipere
856 2073 985 2145 oportet.
1032 2070 1091 2128 269
1115 2089 1153 2128 ex
1174 2069 1201 2126 A

72 2169 168 2246 edidi,
190 2171 242 2228 ubi
264 2178 363 2230 tamen
382 2170 546 2247 ambigunt,
570 2175 671 2229 utrum
692 2171 762 2246 „qui
780 2167 951 2253 accepiati‘f,
974 2178 1009 2230 ut
1021 2170 1077 2245 Bc,
1094 2191 1202 2231 errore

71 2273 179 2332 addito
205 2271 284 2347 „bi“,
308 2294 345 2332 un
371 2274 460 2350 „quia
478 2273 570 2350 clepis
592 2268 666 2330 tibi“
692 2272 819 2347 legatur.
864 2273 928 2330 Hoc
950 2272 1071 2351 quidem
1099 2293 1201 2351 prave,

70 2377 132 2434 nisi
156 2395 222 2435 cum
246 2376 354 2435 Bothio
379 2371 551 2453 ,clepsisti“
577 2375 706 2447 scribcs;
736 2395 789 2432 nec
812 2375 885 2433 furti
908 2395 973 2434 eam
996 2378 1096 2452 arguit
1119 2375 1202 2436 Stra·
1330 2409 1335 2420 ·

70 2479 177 2554 tyllsx,
201 2478 253 2538 sed
274 2481 424 2553 vanitatis,
449 2479 529 2555 quod
552 2479 647 2536 aereis
667 2477 790 2536 armillis
810 2477 966 2551 glorietur,
990 2497 1080 2556 quum
1098 2497 1202 2540 aureas

71 2602 134 2641 non
156 2580 275 2653 hebeat,
305 2583 340 2640 cf.
363 2581 514 2667 Theophr.
538 2578 626 2638 Char.
652 2581 701 2639 21.
763 2579 822 2639 Sed
845 2582 936 2639 etism
960 2576 1035 2656 quia
1056 2575 1203 2656 accepisti

70 2685 116 2742 its
138 2683 270 2760 languet,
298 2689 333 2742 ut
356 2705 373 2742 6
394 2684 503 2742 Ρ1661ο
524 2685 693 2762 proiectum
722 2701 785 2741 esce
807 2683 858 2742 vix
880 2683 985 2760 possit.
1042 2683 1142 2742 Etiam
1165 2685 1202 2743 de

70 2785 171 2844 scr'mc
198 2801 313 2846 meres
335 2785 453 2860 dubito,
483 2805 574 2863 quum
602 2807 629 2846 v.
655 2788 713 2845 271
744 2785 895 2861 antiquior
923 2785 1019 2845 lor-mc
1048 2781 1197 2860 ,ahenus“
1239 2843 1244 2846 .

71 2891 203 2963 legetur.
247 2887 375 2948 Omnino
398 2894 479 2947 totus
502 2903 606 2948 versus
628 2888 700 2946 mihi
722 2889 826 2965 spuria
847 2887 935 2946 huius
953 2907 1057 2947 versus
1076 2889 1199 2948 circum·

70 2993 185 3050 locutio
215 2991 342 3051 videtur.
402 2989 509 3050 Varias
536 2991 669 3050 virorum
697 2992 854 3050 doctorum
883 2992 1069 3050 coniecturas
1098 3010 1127 3049 v.
1150 3011 1199 3068 cp.

69 3093 200 3152 Schcell.
215 3122 251 3134 -
274 3095 344 3152 270.
368 3087 570 3152 inclementer
581 3095 616 3166 A,
634 3093 671 3152 cf.
684 3093 721 3151 ad
733 3092 841 3169 Amph.
861 3094 931 3154 735.
951 3122 991 3134 -
1008 3088 1064 3152 hoc
1082 3093 1150 3153 add.
1162 3095 1198 3153 A.

69 3226 115 3236 -
139 3197 210 3255 271.
233 3189 422 3270 Mancipicn
443 3195 598 3272 otpertus
619 3196 655 3253 A.
707 3194 785 3254 Num
810 3215 902 3254 oerecs
925 3196 1031 3256 anulos
1053 3197 1143 3273 geris,
1166 3203 1201 3256 ut

69 3299 182 3358 habeus
205 3317 264 3375 quo
286 3302 395 3372 uteris,
420 3300 445 3357 si
468 3299 541 3374 quid
564 3299 712 3375 mancipio
730 3283 935 3375 accipiendum
958 3293 1019 3357 sit?
1042 3299 1124 3376 quod
1145 3318 1200 3376 per

69 3421 112 3461 aes
130 3407 160 3460 et
178 3401 287 3459 libram
303 3398 404 3472 flebat,
426 3421 454 3459 r.
468 3399 542 3460 Geli.
555 3399 619 3472 XV,
640 3401 689 3472 27,
709 3402 736 3458 3.
778 3400 886 3473 6611,
908 3402 978 3460 112.
1012 3401 1060 3460 Sic
1080 3401 1198 3479 Speng,

69 3525 125 3564 nec
154 3505 260 3562 melius
282 3503 392 3576 habeo,
427 3522 604 3581 quamquam
632 3523 686 3562 nec
710 3503 900 3579 Astaphium,
935 3523 1001 3580 qnoe
1029 3522 1117 3562 serve
1144 3509 1198 3575 est,

69 3599 235 3684 quidquam
259 3607 407 3683 mancipio
430 3607 564 3683 accipere
587 3610 695 3682 potest,
720 3612 750 3663 et
772 3624 821 3678 ms,
845 3625 903 3683 quc
926 3608 957 3664 in
979 3607 1199 3683 mancipatione

68 3708 243 3782 utebantur,
261 3727 397 3767 nummus
408 3727 502 3767 cereus
513 3707 604 3766 fuisse
615 3707 744 3767 videtur.
779 3702 841 3784 qni,
859 3729 887 3767 v.
901 3709 938 3767 ad
950 3707 1058 3785 Amph.
1072 3709 1144 3768 257.
1156 3737 1200 3748 -

70 3813 143 3870 272.
168 3831 205 3869 ex
222 3811 247 3869 A
265 3811 401 3870 restituit
418 3809 550 3870 Studem.
591 3801 717 3887 Piqms
735 3805 785 3882 cla,
808 3829 835 3868 v.
855 3809 994 3888 adEpid.
1009 3813 1079 3870 697.
1121 3809 1198 3870 Ocn-

54 3909 178 3988 6666111,
202 3912 381 3973 Victoriolas
412 3931 448 3971 ex
475 3914 596 3973 auribus
625 3914 689 3970 eius
716 3911 881 3988 pendentes
909 3932 967 3972 ucn
996 3933 1101 3993 aureas
1124 3932 1197 3985 ease,

68 4015 122 4077 aed
151 4016 267 4090 ligneas
297 4017 458 4074 inauratus.
513 4016 600 4075 Tales
628 4020 749 4076 inaures
777 4013 919 4074 Victoriis
947 4021 1062 4075 ornatae
1092 4017 1124 4073 in
1153 4034 1198 4073 se·

69 4118 204 4197 pulchris
226 4117 338 4177 Grecis
359 4118 487 4176 iuventae
509 4123 592 4191 sunt,
623 4139 650 4176 v.
674 4116 817 4194 Stephani
839 4117 961 4196 compte
991 4117 1088 4178 rendu
1110 4116 1148 4175 de
1169 4117 1198 4176 le

69 4223 267 4282 Commissicn
296 4219 424 4279 aroheol.
476 4219 519 4280 St.
542 4220 674 4280 Petersb.
702 4219 874 4310 18591161).
897 4220 956 4292 III,
987 4222 1014 4280 3.
1049 4249 1091 4260 -
1124 4221 1196 4278 273.

936 4331 989 4388 40*
