2920 4998
277 467 337 524 566
741 458 927 512 Triuummua.

276 651 334 713 1155
359 654 499 713 audiente
522 672 627 726 uxore;
651 673 716 712 uam
740 673 805 730 qua
828 655 919 731 paulo
947 658 1023 731 post,
1054 655 1193 724 51-65,
1223 655 1260 710 15
1285 653 1398 710 eunden

276 759 450 816 seutentiam
484 757 637 833 leguntur,
671 758 728 814 ioci
761 775 849 814 eausa
877 755 1017 814 dicuutur
1043 762 1073 814 et
1101 754 1138 814 ab
1170 757 1252 832 Ipsis
1289 755 1398 813 senibus

275 859 448 918 ridicularia
470 858 673 937 appellantur,
701 881 728 918 v.
754 860 804 918 66.
834 889 875 898 -
900 853 1021 933 possim
1043 864 1074 916 et
1095 859 1122 915 A
1144 864 1177 916 51
1201 864 1280 916 5511.
1307 857 1399 919 cedda

275 961 310 1021 R.
336 981 401 1020 eum
423 961 567 1021 Lambiuo
593 959 733 1037 „possi4“‚
764 981 804 1020 55.
828 962 901 1020 fieri.
929 989 971 1002 -
999 963 1049 1021 43.
1078 960 1207 1020 senecia
1230 959 1350 1025 udaie.
1377 981 1398 1016 1.

276 1065 314 1124 ad
336 1063 442 1142 Amph.
470 1067 559 1124 1025.
583 1093 625 1104 -·-
641 1079 731 1138 puer,
755 1069 788 1122 ut
811 1064 996 1141 castigandus
1019 1067 1066 1124 sie.
1090 1092 1132 1103 -
1154 1067 1211 1122 45.
1246 1059 1300 1124 uae·
1323 1058 1400 1122 bene

175 1167 178 1172 ’
275 1162 421 1240 uolentia,
444 1167 480 1226 ef.
507 1169 586 1226 1147
610 1187 652 1243 sq.
694 1166 863 1226 61514151
890 1187 990 1240 „suam
1014 1163 1280 1226 benevolentem“.
1324 1167 1399 1244 Capt.

278 1272 353 1330 930:
382 1269 600 1342 „benemerenti
624 1265 755 1328 nostro“.
774 1297 815 1308 —
839 1266 884 1330 iia
901 1285 941 1342 55,
965 1291 992 1328 v.
1010 1272 1048 1329 ad
1058 1269 1166 1347 Amph.
1183 1272 1262 1328 571.
1301 1269 1399 1328 Pseud

277 1375 347 1431 802.
371 1372 519 1431 -1511,
544 1401 585 1412 -
608 1374 647 1430 46
671 1393 714 1448 sq.
746 1370 823 1431 Ante
845 1373 938 1448 alque
959 1373 1056 1432 hiatus
1078 1375 1108 1430 iu
1131 1390 1264 1430 euasura.
1312 1373 1400 1431 Verba

276 1473 385 1551 alque.
401 1521 407 1532 .
421 1520 429 1533 .
442 1469 671 1551 Meqaront'deu
686 1475 843 1546 Lemanno,
864 1473 989 1553 Speoim.
1007 1479 1072 1534 orit.
1090 1495 1119 1552 p.
1140 1477 1181 1534 70
1201 1495 1262 1551 eq..
1289 1475 1327 1533 R„
1345 1476 1399 1532 alii·

277 1599 332 1655 que
355 1597 410 1655 pro
432 1580 542 1653 spuriis
565 1577 741 1638 habueruut.
763 1607 800 1618 -
821 1583 870 1638 50.
901 1571 999 1638 Ualen
1021 1580 1051 1638 et
1070 1573 1264 1638 mluietin?
1288 1579 1399 1654 sorIpsi;

276 1680 379 1757 vulgo:
414 1679 546 1751 „Ualeni
575 1679 757 1740 ualuistin?“
806 1682 901 1741 Leew.
925 1683 1012 1740 Auel.
1035 1704 1063 1760 p.
1092 1684 1164 1740 141:
1206 1681 1331 1754 „Ualen
1353 1677 1398 1737 tu?
1447 1737 1448 1740 ,

277 1779 459 1842 5515151153*
492 1780 531 1824 -’-
561 1778 693 1858 1551555,
727 1786 745 1841 1.
770 1805 794 1843 5.
820 1784 937 1856 melius,
968 1807 996 1844 v.
1020 1784 1057 1843 ad
1085 1783 1164 1844 Pers.
1193 1788 1272 1844 591.
1328 1785 1398 1843 Brix¹

277 1887 419 1963 explieat:
447 1889 536 1952 „satie
560 1883 650 1946 baue“
676 1887 741 1945 ooll.
766 1889 837 1946 723.
866 1917 906 1927 -
937 1889 986 1948 51.
1018 1880 1105 1946 Plus.
1140 1886 1269 1946 Brixius
1295 1887 1399 1946 eonfert

277 1988 335 2047 Ciu.
359 1989 422 2046 Att.
445 1987 494 2060 IV,
521 1991 568 2062 14,
594 1991 625 2048 1:
655 1967 752 2066 „quod
774 1991 870 2047 minus
892 1987 1066 2048 valuisses“.
1089 2017 1130 2029 -
1154 1991 1206 2048 53.
1234 1989 1327 2062 „me“
1352 2010 1401 2066 pre

280 2087 355 2164 „rni“
382 2093 406 2148 A
431 2111 540 2166 errore,
564 2113 591 2150 v.
615 2092 713 2152 Loew.
736 2092 821 2150 Anal.
845 2111 873 2167 p.
900 2094 969 2151 141.
993 2121 1035 2130 —
1065 2093 1113 2150 54.
1144 2087 1242 2151 idem.
1280 2092 1319 2150 R.
1343 2113 1400 2151 555
1448 2093 1449 2106 ³

277 2194 382 2253 Bothio
407 2193 526 2268 „iteru“,
550 2213 607 2252 nou
630 2213 714 2272 opus,
737 2196 772 2252 51.
792 2193 882 2252 Most.
904 2194 978 2252 289:
1007 2193 1105 2272 „quod
1123 2195 1177 2252 11111
1202 2196 1304 2266 lubet,
1328 2197 1401 2254 idem

276 2297 349 2356 mihi
378 2295 489 2356 lubet“.
534 2296 642 2356 Pseud.
669 2300 726 2356 161
757 2317 822 2355 5551
852 2319 918 2355 aun.
952 2325 988 2337 —
1022 2299 1070 2356 57.
1104 2299 1268 2374 suppetat,
1307 2301 1344 2357 51.
1369 2299 1402 2356 ad

277 2398 384 2458 Pseud.
409 2401 479 2460 335.
509 2430 550 2440 -
580 2402 627 2459 56.
657 2395 758 2460 hercle
780 2402 876 2477 prima
899 2405 1046 2477 correpta,
1077 2420 1103 2458 v.
1128 2400 1250 2478 Proleg.
1275 2422 1309 2478 p.
1335 2405 1402 2462 261.
1449 2391 1450 2394 “

278 2533 319 2544 -
343 2505 391 2562 60.
415 2501 590 2562 Persuasum
614 2503 670 2560 sibi
693 2502 783 2562 habet
805 2523 836 2560 sa
859 2522 918 2561 uon
941 2502 1096 2581 deoeptum
1119 2504 1166 2560 iri.
1192 2534 1237 2544 —
1262 2507 1315 2564 61.
1343 2505 1400 2562 lele-

277 2605 436 2680 garonides
459 2612 584 2678 recusat,
608 2607 679 2682 quia
701 2605 880 2682 imprudenti
904 2606 965 2664 11515
981 2605 1114 2664 condicio
1131 2605 1257 2665 feratur.
1303 2602 1401 2666 Nun·
1450 2669 1451 2696 p

278 2723 348 2786 que,
378 2710 413 2767 51.
438 2707 475 2766 ad
497 2707 585 2785 Capt.
610 2709 680 2768 599.
736 2703 821 2768 enim
850 2707 970 2767 additur
997 2714 1032 2766 51
1058 2716 1127 2786 poet
1158 2707 1284 2785 „quia“',
1316 2733 1345 2770 v.
1369 2709 1402 2768 ad

277 2812 382 2888 Amph.
413 2813 483 2870 659.
535 2809 568 2870 R.
599 2831 704 2889 porum
732 2818 814 2869 reate
846 2811 976 2887 „Nempe
1004 2808 1111 2870 eniua“.
1139 2839 1181 2852 -
1208 2827 1260 2870 me
1291 2809 1401 2889 inpru-

277 2911 397 2976 dentem
420 2915 459 2986 Α,
489 2919 524 2974 51.
548 2913 636 2974 Poeu.
663 2917 711 2974 14.
741 2943 779 2954 -
812 2917 860 2974 62.
895 2913 1030 2972 Callicles
1059 2913 1187 2972 affirmat
1216 2915 1308 2975 brevi
1339 2937 1400 2975 eum

276 3020 454 3093 poeniturum
483 3039 556 3088 esee,
587 3021 612 3076 si
634 3021 815 3096 permutatio
836 3018 916 3077 faeta
938 3021 991 3090 sit3
1029 3015 1150 3077 nescias
1172 3011 1226 3092 (Δ)
1252 3017 1400 3096 hypothe-

276 3125 333 3180 tIoe
357 3122 473 3180 dieitur.
536 3121 659 3180 Versum
689 3141 747 3181 555
776 3121 923 3179 intellexit
954 3122 1103 3180 Lomauus
1126 3115 1310 3195 (Miscellan.
1337 3123 1399 3199 plui-

277 3224 365 3296 lolog.
395 3225 422 3280 II
452 3245 481 3302 p.
508 3217 598 3299 199),
633 3226 684 3300 qui
716 3225 785 3282 huic
817 3227 917 3282 versui
950 3227 1069 3303 putavit
1101 3227 1265 3284 neeesaarIo
1303 3227 1399 3285 15555

275 3325 404 3384 dandum
428 3346 490 3384 aeae
513 3333 582 3404 post
604 3346 631 3386 v.
656 3328 706 3398 64,
730 3326 766 3385 ad
790 3347 876 3403 quem
899 3327 970 3384 mihi
993 3327 1111 3403 quidem
1135 3348 1193 3386 555
1215 3329 1309 3388 nimis
1332 3340 1399 3407 apte

275 3429 453 3508 respondere
476 3429 603 3501 videtur,
627 3449 804 3506 quamquam
828 3431 917 3488 etiam
939 3431 1057 3490 Brixius
1080 3432 1110 3488 15
1128 3429 1231 3490 eadam
1248 3436 1399 3492 5551511115

275 3539 400 3610 perstat,
424 3551 450 3590 r.
476 3532 516 3590 64
539 3532 607 3590 huie
630 3537 820 3608 anteponens,
845 3533 880 3590 51.
899 3555 927 3610 p.
951 3533 1018 3592 133.
1057 3531 1239 3592 Riteohelius
1257 3536 1291 3594 15
1310 3535 1398 3596 5(1Π

275 3637 390 3712 lougius
424 3637 510 3693 etiam
544 3653 721 3711 progressus
755 3635 832 3694 huno
866 3636 1043 3711 excogitavit
1076 3655 1214 3696 versuum
1248 3638 1397 3700 ordinem.

276 3741 325 3810 61,
350 3740 398 3808 63,
423 3738 472 3810 64,
498 3740 547 3811 62,
571 3740 620 3796 66.
673 3737 793 3798 Teuffel.
819 3739 894 3797 Mus.
919 3738 1010 3797 Rhen.
1034 3738 1119 3798 XXX
1141 3759 1170 3816 p.
1196 3743 1256 3800 472
1278 3761 1333 3801 vv.
1359 3745 1396 3801 66

275 3847 305 3897 51
328 3841 366 3897 64
395 3860 451 3916 pro
479 3843 589 3917 spuriis
620 3843 707 3900 eiieit.
738 3869 777 3880 -
808 3841 857 3899 63.
890 3840 965 3900 nola
993 3837 1077 3902 mala
1104 3857 1154 3902 res
1183 3843 1312 3917 opium
1343 3845 1395 3904 551.

274 3942 310 4001 of.
336 3941 398 4000 Liv.
430 3941 544 4014 XXIII,
575 3945 608 4018 3,
642 3945 693 4002 14:
731 3947 932 4014 „notissimum
962 3945 1100 4021 quodque
1129 3945 1237 4004 malum
1267 3950 1396 4006 maxime

273 4045 431 4106 tolerabile
454 4041 548 4104 eese“.
574 4075 610 4088 -
637 4048 686 4106 65.
710 4046 824 4105 Callicli
847 4047 994 4105 dederunt
1010 4045 1155 4106 Gruterus
1178 4054 1247 4108 5511.
1287 4049 1395 4110 Ρο1155

272 4147 474 4225 Megaronidis
504 4156 558 4206 est.
610 4151 637 4206 15
665 4150 701 4208 ab
730 4151 788 4208 ista
815 4167 940 4208 uxorum
970 4153 1200 4212 commutatione
1229 4153 1395 4213 abhorrens

231 4275 233 4280 ·
273 4253 426 4312 honestam
455 4253 547 4311 vitam
578 4252 773 4325 commendat,
809 4253 904 4310 solum
933 4251 1008 4313 beue
1036 4253 1182 4312 viventem
1213 4254 1264 4313 diu
1287 4249 1394 4315 livere

274 4355 382 4426 dicans,
407 4357 523 4432 quicum
549 4356 713 4429 comparari
735 4361 844 4432 potest,
868 4354 948 4432 quod
970 4357 1073 4416 melius
1090 4357 1185 4416 Varro
1202 4375 1249 4433 ap.
1262 4356 1393 4417 Nouium
