2930 5002
69 508 118 572 IV,
137 510 162 573 2,
181 509 275 572 27-3,
294 509 309 560 3
579 507 699 562 Rudene.
893 571 896 576 ,
1134 515 1191 573 145

68 697 217 764 Nauibus
245 698 372 779 magnis
399 703 618 762 mercaturam
646 696 780 776 feeium3
814 698 900 781 apud
926 718 1017 779 reges
1040 719 1096 762 rex
1119 720 1190 781 per·

785 805 932 872 hibebor.
1024 865 1025 868 ,

66 915 148 979 Post
171 915 273 978 animi
296 935 395 978 caune
418 913 495 978 mihi
518 935 636 978 neuem
660 913 777 994 faeiem
801 920 901 998 alque
924 912 1077 978 imitabor
1101 914 1191 978 Stra·

785 1023 946 1103 lonicum
1141 1039 1192 1092 920

65 1131 201 1215 Oppida
218 1131 324 1195 amaia
341 1131 632 1196 circumuentabor.
679 1129 741 1196 Ubi
759 1130 915 1195 nobilitas
935 1151 1006 1194 mea
1018 1133 1080 1194 erit
1092 1131 1191 1207 alara,

63 1239 234 1324 Oppidum
264 1259 413 1322 magnum
443 1223 654 1319 conmuniboss
690 1240 719 1303 ei
753 1261 812 1322 ega
846 1239 920 1303 urbi
951 1239 1051 1324 Gripo
1081 1239 1189 1304 indam

767 1335 910 1423 momen,

62 1457 316 1521 Monumentum
342 1476 431 1520 meae
454 1453 559 1520 famae
578 1456 734 1532 eliachin,
759 1456 870 1541 ibique
888 1477 1020 1539 regnum
1041 1477 1189 1538 magnum

785 1565 967 1629 instituam.

62 1673 206 1755 Magnus
235 1694 288 1738 res
316 1673 369 1738 hic
397 1675 486 1754 agilo
512 1674 545 1736 in
576 1679 716 1738 mentem
746 1663 973 1739 iustruere-
995 1693 1081 1737 nunc
1104 1673 1190 1737 huno

785 1781 934 1847 nidulum
956 1781 1094 1848 eandem
1119 1815 1156 1827 —

57 1889 126 1956 Sed
154 1889 292 1954 hierax
315 1911 386 1954 eum
410 1898 504 1954 eaelo
529 1897 724 1972 pransurust
746 1897 779 1954 et
802 1889 886 1967 sule,
916 1891 985 1956 sine
1008 1889 1094 1953 bono
1119 1889 1189 1970 pul·

785 2005 903 2062 menlO.
1139 2015 1190 2066 925

379 2392 467 2458 TRA
475 2391 652 2460 OHALIO.
703 2392 884 2462 GRIP-US.

524 2599 733 2664 Trachalio

56 2685 166 2764 Heus,
192 2687 299 2750 mane.
448 2685 450 2690 ’

559 2816 709 2897 Gripus

175 2922 264 3001 Quid
287 2925 459 3014 maneam?

525 3079 732 3143 Trachalio
1148 3155 1150 3158 Ι

268 3185 352 3250 Dum
375 3187 460 3251 hane
482 3186 552 3266 tibi,
575 3207 675 3271 quam
697 3187 813 3264 trahis,
836 3187 1006 3251 rudentem
1029 3187 1188 3270 aoupliuo.
1212 3209 1214 3214 ’

557 3339 708 3422 Gripus

319 3449 412 3515 Mille
436 3449 542 3515 modo.

524 3603 735 3668 Trachalio

54 3719 100 3782 At
132 3712 194 3798 pel
227 3731 286 3794 ego
316 3717 350 3774 te
372 3711 554 3792 adiuuab03
586 3732 662 3777 nam
687 3681 889 3794 boniequod
914 3711 996 3776 bene
1019 3711 1072 3794 fit,
1102 3711 1190 3776 haud
1251 3731 1254 3738 ’

781 3821 877 3902 perit,

557 3955 710 4036 Gripus

226 4064 373 4132 Turbida
395 4070 572 4147 tempestas
596 4063 666 4128 heri
690 4064 767 4142 fuit3

56 4223 274 4236 ‚W-

152 4307 207 4360 919
234 4321 275 4373 eq.
302 4307 486 4357 mercaturam
514 4301 617 4356 funium
642 4307 724 4370 elque
751 4301 883 4356 imitabor
909 4303 1018 4358 mairam
1044 4302 1142 4356 modiin
1166 4303 1193 4356 B

52 4399 106 4451 921
132 4391 235 4447 omniu
252 4405 302 4444 am.
353 4389 403 4440 922
422 4388 501 4456 elego
555 4386 656 4456 grippo
675 4384 870 4455 indempnoO
914 4389 964 4442 925
983 4404 1132 4456 pransurus
1150 4391 1193 4440 ert

142 4495 172 4534 V·
957 4497 988 4548 10
