2930 5002
1444 82 1449 193 i

1445 220 1449 257 Ι

249 451 308 514 102
762 442 854 496 rrius
1092 440 1116 508 1,
1135 443 1160 508 s,
1177 440 1285 505 ce-ra
1308 439 1361 504 ae
1441 314 1448 615 Ι

330 632 573 702 Misericordior
596 633 686 698 riulle
710 655 760 698 me
783 641 832 698 est
854 632 1056 698 feminarum.
1319 647 1362 700 ceu

332 743 397 810 Sed
418 742 500 809 haee
523 762 685 826 pauperes
706 763 760 807 res
783 747 860 808 sunt
881 741 1072 823 inopesque,
1097 738 1236 822 puellae.

332 853 470 936 Egomet
491 853 547 917 uix
569 852 673 916 uitem
696 850 785 932 colo;
807 849 926 914 Ueneri
951 848 1025 914 cibo
1048 868 1120 914 meo
1143 848 1260 912 seruis.

694 1003 926 1084 Ampelisca

332 1114 470 1180 Ueneris
493 1112 615 1192 fanum,
640 1112 871 1192 obsecrabas
895 1112 968 1176 est?

712 1268 908 1332 Sacerdos
1445 1228 1453 1513 1

1449 1516 1454 1598 t

1453 1719 1455 1790 i

1008 1375 1137 1440 Fateor.

334 1487 404 1570 Ego
429 1485 526 1551 huius
548 1484 616 1550 feni
640 1485 794 1549 sacerdos
818 1483 921 1549 clueo,

333 1595 456 1661 Uerum
479 1593 641 1677 quidquid
665 1599 724 1673 est,
747 1594 884 1658 comiter
905 1591 963 1657 fiet
985 1613 1005 1658 e
1027 1613 1088 1668 me,
1319 1605 1364 1658 285
1453 1603 1454 1660 ἴ

421 1701 492 1780 Quo
514 1722 602 1768 nunc
624 1702 720 1786 copie
741 1702 877 1768 ualebit.

334 1813 383 1906 Ite
406 1812 468 1878 hac
490 1831 626 1878 mecum.

708 1953 917 2020 Palaestra

648 2065 759 2129 Amice
783 2063 985 2146 benigneque
1007 2061 1172 2143 honorem,

425 2174 540 2253 Meter,
564 2179 714 2239 nostrum
737 2172 849 2238 habes.

719 2326 912 2392 Sacerdos

908 2433 1056 2519 Oportet.

669 2995 962 3063 PISOATORES.

254 3169 414 3236 Omnibus
438 3169 543 3234 modis
572 3170 629 3253 qui
652 3190 814 3253 pauperes
845 3175 920 3234 sunt
943 3170 1089 3233 homines
1118 3169 1228 3234 miseri
1251 3169 1366 3240 uiuant,

252 3278 451 3343 Praesertim
482 3277 602 3360 quibus
629 3299 691 3343 nee
726 3285 881 3360 quaestus
916 3284 968 3344 est
999 3298 1060 3342 nee
1094 3281 1200 3342 artem
1234 3275 1367 3342 didicere

970 3385 1082 3452 ullam.
1322 3399 1367 3452 290

253 3496 472 3572 Necessitate,
495 3493 657 3577 quidquid
681 3503 740 3576 est,
765 3495 851 3560 domi
874 3495 907 3560 id
931 3503 983 3560 sat
1005 3499 1055 3560 est
1076 3493 1273 3560 habendum.

254 3606 321 3670 Nos
344 3606 409 3668 iem
432 3600 471 3667 de
495 3610 615 3668 crustu
639 3605 874 3688 propemodum
897 3611 934 3669 ut
955 3604 1138 3687 locupletes
1157 3605 1259 3669 simus
1275 3603 1365 3670 scitis.

256 3705 355 3778 Hisce
377 3711 467 3776 hami
491 3717 591 3794 atquc
614 3712 697 3777 haec
718 3711 920 3778 harundines
951 3720 1029 3777 sunt
1056 3711 1152 3778 nobis
1183 3715 1367 3796 quaesturi

970 3820 1070 3887 cultu.

260 3929 382 3996 Cotidie
405 3951 445 3994 ex
466 3929 549 3995 urbe
572 3930 727 3995 edmero
749 3929 815 3994 huc
838 3929 1006 4013 prodimus
1029 3929 1232 4014 pabulatum.

343 4167 567 4224 281resom.0
667 4169 718 4223 282
735 4169 825 4222 ueniri
928 4169 1040 4223 seruiuo
1138 4170 1189 4222 288
1207 4163 1370 4223 oumitemd

258 4257 308 4310 286
326 4254 427 4311 nont)
493 4255 544 4308 280
562 4253 686 4310 didicere
705 4259 794 4309 artem
865 4255 912 4308 291
932 4255 956 4308 it
1024 4255 1074 4308 288
1092 4253 1143 4308 Hic
1162 4263 1231 4309 cens
1248 4255 1258 4307 i
1274 4252 1308 4319 B,
1325 4251 1367 4304 His

257 4339 397 4396 censmO
463 4339 650 4394 hearuudines
668 4339 696 4394 Β
768 4340 820 4392 294
837 4346 900 4393 artie
919 4357 953 4393 cx
971 4341 1073 4396 laeum
