2864 5000
30 453 71 518 Ι1,
92 454 118 519 6,
137 455 239 508 24—32
504 452 699 506 Truculentua

448 641 750 726 Stratophanes

603 749 731 832 Ecquid
754 749 835 814 mihi
858 749 1012 815 similist?

479 919 723 1002 Astaphium

966 1007 1012 1071 Ro
1035 1008 1093 1072 es?
1112 1025 1163 1076 500

34 1113 99 1190 Qui
115 1115 266 1193 retempto
279 1113 335 1178 uhi
348 1121 473 1188 natust,
489 1115 696 1178 machaeram
711 1119 744 1178 et
756 1114 895 1197 clipeum
914 1027 1073 1194 posoehat
1090 1115 1161 1180 sibi.

449 1288 753 1374 Stratophanes

33 1398 130 1462 Meus
154 1406 224 1475 est;
248 1399 315 1464 soio
339 1401 401 1462 iam
427 1399 466 1462 de
490 1399 703 1481 argumentis.
750 1396 856 1474 Quid?
881 1399 955 1462 uisu
978 1399 1130 1464 similist?

476 1575 724 1657 Astaphium
1049 1633 1051 1640 ,

1038 1659 1161 1744 Papae!

37 1747 106 1810 lam
134 1754 295 1828 magnust.

449 1889 752 1971 Stratophanes

304 1997 372 2060 Iam
397 1997 512 2061 ductat
535 1996 719 2078 legionem?
742 2015 861 2079 ecquae
886 1996 991 2078 spolia
1013 1995 1163 2060 rettulit?

38 2104 198 2186 Loquere.

481 2235 721 2318 Astaphium

178 2343 304 2407 Nudius
328 2345 461 2427 quintus
486 2354 583 2408 natus
608 2343 736 2427 quidem
761 2342 828 2407 illie
852 2353 908 2408 est.

367 2503 369 2506 ¹
448 2519 752 2602 Stratophanes

838 2683 840 2688 ,
905 2627 998 2702 Quid
1022 2627 1162 2709 postea?

42 2735 131 2801 luter
152 2743 202 2800 tot
225 2735 295 2800 dies
320 2736 448 2816 quidem
474 2735 583 2800 hercle
608 2735 732 2819 aliquid
757 2746 863 2800 aetum
888 2737 1043 2817 oportuit.
1111 2750 1163 2804 505

43 2843 125 2919 Quid
143 2845 189 2908 illi
202 2867 241 2907 ex
253 2852 348 2908 utero
361 2845 492 2907 exitiost
511 2846 601 2926 prius
620 2864 716 2929 quam
733 2851 863 2925 poterat
875 2845 921 2907 ire
933 2845 965 2907 in
979 2841 1161 2924 proelium?

480 3021 721 3104 'Astaphium

45 3126 247 3212 Consequere
271 3135 369 3211 atque
392 3129 481 3192 illam
507 3131 615 3193 saluta
638 3139 671 3194 et
694 3129 860 3208 gratulare
883 3128 940 3191 illi.

449 3305 747 3389 Stratophanes

1007 3411 1140 3494 Sequor.

468 3567 732 3633 Phronesium

49 3672 105 3737 Ubi
128 3675 193 3756 illa,
217 3676 364 3740 obsecro
389 3687 447 3752 est,
470 3697 553 3759 euriae
578 3699 627 3740 me
652 3677 704 3740 hio
727 3675 883 3758 reliquit?
912 3673 965 3738 ubi
987 3695 1026 3738 ea
1050 3694 1084 3737 se
1108 3671 1163 3736 ab·

758 3785 874 3848 stulitl

66 3903 246 3912 ----....-.-

126 3987 261 4040 50001100
280 3987 341 4054 quit
359 3985 394 4046 Β,
413 3986 481 4041 haec
501 3989 562 4055 quit
581 3987 603 4040 0
655 3989 772 4042 similla
793 3995 836 4042 est
889 3990 936 4040 501
957 3986 1027 4054 Quin
1048 3989 1095 4041 nbi

51 4083 149 4125 macera
235 4072 419 4140 alippean
503 4076 553 4126 502
571 4073 694 4128 Nimium
713 4074 809 4143 quidni
830 4075 949 4126 similest
1035 4091 1107 4142 pape
1126 4071 1163 4140 Β,

51 4151 155 4222 Papae
213 4159 263 4211 503
282 4159 373 4210 iamne
391 4158 468 4224 lotar,
487 4159 543 4212 iam
564 4175 597 4211 ne
617 4159 745 4214 laetatG
801 4160 962 4226 §spoliaret
980 4160 1051 4214 uelit
1114 4161 1165 4211 504

52 4238 100 4292 Ere
165 4243 258 4298 nudiis
277 4241 305 4296 B
371 4243 416 4296 ille
484 4245 533 4295 505
553 4250 646 4296 aetum
666 4243 771 4312 aliquid
840 4246 891 4298 507
910 4245 1042 4312 gratulari
1114 4245 1166 4297 508
1239 4289 1244 4300 .

54 4326 126 4380 eabae
143 4329 223 4382 abisti
242 4326 278 4394 Β,
299 4329 365 4380 alise
385 4329 468 4381 abisti
490 4327 512 4383 O
