<?xml version="1.0" encoding="UTF-8"?>
<!DOCTYPE html PUBLIC "-//W3C//DTD XHTML 1.0 Transitional//EN"
    "http://www.w3.org/TR/xhtml1/DTD/xhtml1-transitional.dtd">
<html xmlns="http://www.w3.org/1999/xhtml" xml:lang="en" lang="en">
 <head>
  <title>
</title>
<meta http-equiv="Content-Type" content="text/html;charset=utf-8" />
  <meta name='ocr-system' content='tesseract 3.04.00' />
  <meta name='ocr-capabilities' content='ocr_page ocr_carea ocr_par ocr_line ocrx_word'/>
</head>
<body>
  <div class='ocr_page' id='page_1' title='image "./tmacciiplautico04ussigoog_0536.png"; bbox 0 0 2920 4998; ppageno 0'>
   <div class='ocr_carea' id='block_1_1' title="bbox 526 502 1180 570">
    <p class='ocr_par' dir='ltr' id='par_1_1' title="bbox 526 502 1180 570">
     <span class='ocr_line' id='line_1_1' title="bbox 526 502 1180 570; baseline 0 -12"><span class='ocrx_word' id='word_1_1' title='bbox 526 502 560 558; x_wconf 84' lang='lat' dir='ltr'><strong>V·</strong></span> <span class='ocrx_word' id='word_1_2' title='bbox 576 505 704 558; x_wconf 81' lang='grc'><strong>97-157.</strong></span> <span class='ocrx_word' id='word_1_3' title='bbox 1119 506 1180 570; x_wconf 74' lang='grc'><strong>527</strong></span> 
     </span>
    </p>
   </div>
   <div class='ocr_carea' id='block_1_2' title="bbox 42 695 1181 1186">
    <p class='ocr_par' dir='ltr' id='par_1_2' title="bbox 42 695 1181 1186">
     <span class='ocr_line' id='line_1_2' title="bbox 42 695 1178 757; baseline 0.001 -2"><span class='ocrx_word' id='word_1_4' title='bbox 42 718 75 755; x_wconf 78' lang='lat' dir='ltr'><strong>v.</strong></span> <span class='ocrx_word' id='word_1_5' title='bbox 104 695 350 756; x_wconf 67' lang='grc'><strong>5511010426.</strong></span> <span class='ocrx_word' id='word_1_6' title='bbox 385 696 536 757; x_wconf 82' lang='lat' dir='ltr'><strong>addhiil.</strong></span> <span class='ocrx_word' id='word_1_7' title='bbox 556 699 626 757; x_wconf 89' lang='grc'>691.</span> <span class='ocrx_word' id='word_1_8' title='bbox 661 696 748 756; x_wconf 85' lang='lat' dir='ltr'><strong>Truc.</strong></span> <span class='ocrx_word' id='word_1_9' title='bbox 777 700 847 756; x_wconf 88' lang='grc'><strong>148.</strong></span> <span class='ocrx_word' id='word_1_10' title='bbox 881 696 948 756; x_wconf 84' lang='lat' dir='ltr'><strong>Ter.</strong></span> <span class='ocrx_word' id='word_1_11' title='bbox 971 695 1048 756; x_wconf 85' lang='lat' dir='ltr'><strong>Eun.</strong></span> <span class='ocrx_word' id='word_1_12' title='bbox 1068 698 1120 756; x_wconf 87' lang='grc'><strong>43.</strong></span> <span class='ocrx_word' id='word_1_13' title='bbox 1141 726 1178 738; x_wconf 95' lang='grc'><strong>-</strong></span> 
     </span>
     <span class='ocr_line' id='line_1_3' title="bbox 49 793 1181 878; baseline 0.002 -20"><span class='ocrx_word' id='word_1_14' title='bbox 49 801 129 859; x_wconf 85' lang='grc'><strong>121.</strong></span> <span class='ocrx_word' id='word_1_15' title='bbox 157 794 227 878; x_wconf 70' lang='lat' dir='ltr'><strong>Ape</strong></span> <span class='ocrx_word' id='word_1_16' title='bbox 254 799 290 858; x_wconf 77' lang='lat' dir='ltr'><strong>ist</strong></span> <span class='ocrx_word' id='word_1_17' title='bbox 316 793 431 874; x_wconf 76' lang='lat' dir='ltr'><strong>altera,</strong></span> <span class='ocrx_word' id='word_1_18' title='bbox 459 820 499 860; x_wconf 89' lang='lat' dir='ltr'><strong>ec.</strong></span> <span class='ocrx_word' id='word_1_19' title='bbox 524 799 585 874; x_wconf 90' lang='lat' dir='ltr'><strong>die,</strong></span> <span class='ocrx_word' id='word_1_20' title='bbox 620 798 699 878; x_wconf 90' lang='lat' dir='ltr'><strong>qnod</strong></span> <span class='ocrx_word' id='word_1_21' title='bbox 727 819 785 859; x_wconf 92' lang='lat' dir='ltr'><strong>non</strong></span> <span class='ocrx_word' id='word_1_22' title='bbox 806 799 855 858; x_wconf 92' lang='lat' dir='ltr'><strong>hic</strong></span> <span class='ocrx_word' id='word_1_23' title='bbox 885 799 1036 860; x_wconf 85' lang='lat' dir='ltr'><strong>difficilius</strong></span> <span class='ocrx_word' id='word_1_24' title='bbox 1059 798 1181 860; x_wconf 88' lang='lat' dir='ltr'><strong>auditur</strong></span> 
     </span>
     <span class='ocr_line' id='line_1_4' title="bbox 44 899 1181 980; baseline 0 -19"><span class='ocrx_word' id='word_1_25' title='bbox 44 923 144 979; x_wconf 87' lang='lat' dir='ltr'><strong>quam</strong></span> <span class='ocrx_word' id='word_1_26' title='bbox 174 922 201 961; x_wconf 81' lang='lat' dir='ltr'><strong>v.</strong></span> <span class='ocrx_word' id='word_1_27' title='bbox 229 921 254 960; x_wconf 92' lang='lat' dir='ltr'><strong>c.</strong></span> <span class='ocrx_word' id='word_1_28' title='bbox 289 905 319 960; x_wconf 90' lang='lat' dir='ltr'><strong>in</strong></span> <span class='ocrx_word' id='word_1_29' title='bbox 353 902 505 962; x_wconf 78' lang='lat' dir='ltr'><strong>Ciceronis</strong></span> <span class='ocrx_word' id='word_1_30' title='bbox 539 903 675 979; x_wconf 76' lang='lat' dir='ltr'><strong>dialogis.</strong></span> <span class='ocrx_word' id='word_1_31' title='bbox 730 903 766 962; x_wconf 86' lang='lat' dir='ltr'><strong>R.</strong></span> <span class='ocrx_word' id='word_1_32' title='bbox 794 904 907 980; x_wconf 89' lang='lat' dir='ltr'><strong>aliique</strong></span> <span class='ocrx_word' id='word_1_33' title='bbox 938 899 1023 978; x_wconf 86' lang='lat' dir='ltr'><strong>„dic“</strong></span> <span class='ocrx_word' id='word_1_34' title='bbox 1056 900 1181 976; x_wconf 87' lang='lat' dir='ltr'><strong>addunt,</strong></span> 
     </span>
     <span class='ocr_line' id='line_1_5' title="bbox 45 1001 1181 1083; baseline 0 -19"><span class='ocrx_word' id='word_1_35' title='bbox 45 1005 193 1081; x_wconf 80' lang='lat' dir='ltr'><strong>Seyffert.</strong></span> <span class='ocrx_word' id='word_1_36' title='bbox 217 1005 323 1064; x_wconf 90' lang='lat' dir='ltr'><strong>Philol.</strong></span> <span class='ocrx_word' id='word_1_37' title='bbox 347 1003 447 1065; x_wconf 86' lang='lat' dir='ltr'>XXIX</span> <span class='ocrx_word' id='word_1_38' title='bbox 467 1025 497 1083; x_wconf 90' lang='lat' dir='ltr'><strong>p.</strong></span> <span class='ocrx_word' id='word_1_39' title='bbox 521 1007 598 1066; x_wconf 80' lang='lat'>408:</span> <span class='ocrx_word' id='word_1_40' title='bbox 626 1006 707 1083; x_wconf 84' lang='lat' dir='ltr'><strong>,Age</strong></span> <span class='ocrx_word' id='word_1_41' title='bbox 729 1011 763 1065; x_wconf 86' lang='lat' dir='ltr'><strong>tn</strong></span> <span class='ocrx_word' id='word_1_42' title='bbox 785 1007 882 1064; x_wconf 88' lang='lat' dir='ltr'><strong>altera</strong></span> <span class='ocrx_word' id='word_1_43' title='bbox 905 1001 963 1080; x_wconf 87' lang='lat' dir='ltr'><strong>ai“,</strong></span> <span class='ocrx_word' id='word_1_44' title='bbox 987 1004 1024 1063; x_wconf 90' lang='lat' dir='ltr'><strong>de</strong></span> <span class='ocrx_word' id='word_1_45' title='bbox 1047 1024 1106 1082; x_wconf 88' lang='lat' dir='ltr'><strong>qua</strong></span> <span class='ocrx_word' id='word_1_46' title='bbox 1128 1007 1181 1064; x_wconf 91' lang='lat' dir='ltr'><strong>im·</strong></span> 
     </span>
     <span class='ocr_line' id='line_1_6' title="bbox 43 1101 1179 1186; baseline 0.001 -20"><span class='ocrx_word' id='word_1_47' title='bbox 43 1109 185 1186; x_wconf 82' lang='lat' dir='ltr'><strong>perativi</strong></span> <span class='ocrx_word' id='word_1_48' title='bbox 212 1108 308 1166; x_wconf 80' lang='lat' dir='ltr'><strong>forma</strong></span> <span class='ocrx_word' id='word_1_49' title='bbox 329 1128 421 1186; x_wconf 89' lang='lat' dir='ltr'><strong>quum</strong></span> <span class='ocrx_word' id='word_1_50' title='bbox 447 1109 657 1183; x_wconf 71' lang='lat' dir='ltr'>ambigeretur,</span> <span class='ocrx_word' id='word_1_51' title='bbox 685 1109 871 1186; x_wconf 80' lang='lat' dir='ltr'><strong>grammatici</strong></span> <span class='ocrx_word' id='word_1_52' title='bbox 900 1127 936 1167; x_wconf 87' lang='lat' dir='ltr'><strong>ex</strong></span> <span class='ocrx_word' id='word_1_53' title='bbox 959 1108 1061 1167; x_wconf 81' lang='lat' dir='ltr'><strong>Navio</strong></span> <span class='ocrx_word' id='word_1_54' title='bbox 1084 1101 1179 1184; x_wconf 82' lang='lat' dir='ltr'><strong>(Gom.</strong></span> 
     </span>
    </p>
   </div>
   <div class='ocr_carea' id='block_1_3' title="bbox 46 1205 1298 1290">
    <p class='ocr_par' dir='ltr' id='par_1_3' title="bbox 46 1205 1298 1290">
     <span class='ocr_line' id='line_1_7' title="bbox 46 1205 1298 1290; baseline 0.002 -22"><span class='ocrx_word' id='word_1_55' title='bbox 46 1207 131 1284; x_wconf 88' lang='grc'><strong>125)</strong></span> <span class='ocrx_word' id='word_1_56' title='bbox 156 1211 336 1270; x_wconf 87' lang='lat' dir='ltr'><strong>attulerunt:</strong></span> <span class='ocrx_word' id='word_1_57' title='bbox 362 1212 429 1284; x_wconf 87' lang='lat' dir='ltr'><strong>„uel</strong></span> <span class='ocrx_word' id='word_1_58' title='bbox 452 1214 480 1270; x_wconf 90' lang='lat' dir='ltr'><strong>ai</strong></span> <span class='ocrx_word' id='word_1_59' title='bbox 502 1212 551 1270; x_wconf 92' lang='lat' dir='ltr'><strong>uel</strong></span> <span class='ocrx_word' id='word_1_60' title='bbox 574 1207 683 1288; x_wconf 80' lang='lat' dir='ltr'><strong>nega“;</strong></span> <span class='ocrx_word' id='word_1_61' title='bbox 707 1212 840 1290; x_wconf 73' lang='lat' dir='ltr'><strong>possitne</strong></span> <span class='ocrx_word' id='word_1_62' title='bbox 862 1231 918 1288; x_wconf 85' lang='lat' dir='ltr'><strong>pro</strong></span> <span class='ocrx_word' id='word_1_63' title='bbox 939 1211 1067 1288; x_wconf 79' lang='lat' dir='ltr'><strong>simplici</strong></span> <span class='ocrx_word' id='word_1_64' title='bbox 1093 1205 1177 1285; x_wconf 83' lang='lat' dir='ltr'><strong>„dic“</strong></span> <span class='ocrx_word' id='word_1_65' title='bbox 1294 1225 1298 1234; x_wconf 90' lang='lat'>&#39;</span> 
     </span>
    </p>
   </div>
   <div class='ocr_carea' id='block_1_4' title="bbox 44 1311 1181 2310">
    <p class='ocr_par' dir='ltr' id='par_1_4' title="bbox 44 1311 1181 2310">
     <span class='ocr_line' id='line_1_8' title="bbox 44 1311 1181 1391; baseline -0.001 -19"><span class='ocrx_word' id='word_1_66' title='bbox 44 1314 136 1391; x_wconf 89' lang='lat' dir='ltr'><strong>poni,</strong></span> <span class='ocrx_word' id='word_1_67' title='bbox 159 1313 273 1373; x_wconf 87' lang='lat' dir='ltr'><strong>dubito.</strong></span> <span class='ocrx_word' id='word_1_68' title='bbox 317 1312 533 1374; x_wconf 78' lang='lat' dir='ltr'><strong>Coniunctivus</strong></span> <span class='ocrx_word' id='word_1_69' title='bbox 559 1311 637 1389; x_wconf 72' lang='lat' dir='ltr'><strong>„sie‘</strong></span> <span class='ocrx_word' id='word_1_70' title='bbox 662 1317 689 1373; x_wconf 90' lang='lat' dir='ltr'><strong>si</strong></span> <span class='ocrx_word' id='word_1_71' title='bbox 711 1333 800 1373; x_wconf 86' lang='lat' dir='ltr'><strong>verns</strong></span> <span class='ocrx_word' id='word_1_72' title='bbox 822 1318 875 1388; x_wconf 89' lang='lat' dir='ltr'><strong>est,</strong></span> <span class='ocrx_word' id='word_1_73' title='bbox 901 1313 1111 1391; x_wconf 82' lang='lat' dir='ltr'><strong>hypotheticus</strong></span> <span class='ocrx_word' id='word_1_74' title='bbox 1133 1315 1181 1373; x_wconf 85' lang='lat' dir='ltr'><strong>vel</strong></span> 
     </span>
     <span class='ocr_line' id='line_1_9' title="bbox 45 1414 1181 1495; baseline 0.001 -21"><span class='ocrx_word' id='word_1_75' title='bbox 45 1414 231 1494; x_wconf 87' lang='lat' dir='ltr'><strong>potentialis</strong></span> <span class='ocrx_word' id='word_1_76' title='bbox 253 1421 314 1490; x_wconf 89' lang='lat' dir='ltr'><strong>eet,</strong></span> <span class='ocrx_word' id='word_1_77' title='bbox 344 1437 372 1476; x_wconf 82' lang='lat' dir='ltr'><strong>v.</strong></span> <span class='ocrx_word' id='word_1_78' title='bbox 398 1417 435 1476; x_wconf 87' lang='lat' dir='ltr'><strong>ad</strong></span> <span class='ocrx_word' id='word_1_79' title='bbox 458 1417 565 1495; x_wconf 89' lang='lat' dir='ltr'><strong>Amph.</strong></span> <span class='ocrx_word' id='word_1_80' title='bbox 593 1419 688 1492; x_wconf 89' lang='grc'><strong>1070;</strong></span> <span class='ocrx_word' id='word_1_81' title='bbox 722 1417 776 1476; x_wconf 91' lang='lat' dir='ltr'><strong>sed</strong></span> <span class='ocrx_word' id='word_1_82' title='bbox 797 1416 935 1476; x_wconf 90' lang='lat' dir='ltr'><strong>Plautum</strong></span> <span class='ocrx_word' id='word_1_83' title='bbox 959 1417 1007 1476; x_wconf 82' lang='lat' dir='ltr'><strong>cet</strong></span> <span class='ocrx_word' id='word_1_84' title='bbox 1028 1419 1181 1494; x_wconf 87' lang='lat' dir='ltr'><strong>scripsisse</strong></span> 
     </span>
     <span class='ocr_line' id='line_1_10' title="bbox 46 1515 1181 1598; baseline 0.001 -21"><span class='ocrx_word' id='word_1_85' title='bbox 46 1520 154 1578; x_wconf 88' lang='lat' dir='ltr'><strong>credo.</strong></span> <span class='ocrx_word' id='word_1_86' title='bbox 186 1548 224 1559; x_wconf 94' lang='lat'>-</span> <span class='ocrx_word' id='word_1_87' title='bbox 252 1515 402 1597; x_wconf 73' lang='lat' dir='ltr'><strong>paucior,</strong></span> <span class='ocrx_word' id='word_1_88' title='bbox 435 1521 559 1580; x_wconf 90' lang='lat' dir='ltr'><strong>maioris</strong></span> <span class='ocrx_word' id='word_1_89' title='bbox 590 1521 694 1598; x_wconf 85' lang='lat' dir='ltr'><strong>pretii,</strong></span> <span class='ocrx_word' id='word_1_90' title='bbox 724 1521 760 1578; x_wconf 85' lang='lat' dir='ltr'><strong>ef.</strong></span> <span class='ocrx_word' id='word_1_91' title='bbox 784 1519 860 1578; x_wconf 83' lang='lat' dir='ltr'><strong>Geli.</strong></span> <span class='ocrx_word' id='word_1_92' title='bbox 884 1519 957 1596; x_wconf 89' lang='lat' dir='ltr'>XII,</span> <span class='ocrx_word' id='word_1_93' title='bbox 987 1521 1023 1593; x_wconf 88' lang='grc'><strong>5,</strong></span> <span class='ocrx_word' id='word_1_94' title='bbox 1055 1524 1090 1578; x_wconf 74' lang='grc' dir='ltr'><strong>7ε</strong></span> <span class='ocrx_word' id='word_1_95' title='bbox 1128 1525 1181 1592; x_wconf 86' lang='lat' dir='ltr'><strong>,ut</strong></span> 
     </span>
     <span class='ocr_line' id='line_1_11' title="bbox 46 1621 1180 1701; baseline -0.001 -19"><span class='ocrx_word' id='word_1_96' title='bbox 46 1623 129 1682; x_wconf 87' lang='lat' dir='ltr'><strong>nihil</strong></span> <span class='ocrx_word' id='word_1_97' title='bbox 153 1621 316 1699; x_wconf 78' lang='lat' dir='ltr'><strong>quidquam</strong></span> <span class='ocrx_word' id='word_1_98' title='bbox 344 1628 421 1682; x_wconf 89' lang='lat' dir='ltr'><strong>esset</strong></span> <span class='ocrx_word' id='word_1_99' title='bbox 449 1626 545 1682; x_wconf 88' lang='lat' dir='ltr'><strong>carius</strong></span> <span class='ocrx_word' id='word_1_100' title='bbox 575 1627 754 1701; x_wconf 89' lang='lat' dir='ltr'><strong>pensiusque</strong></span> <span class='ocrx_word' id='word_1_101' title='bbox 776 1621 890 1682; x_wconf 87' lang='lat' dir='ltr'><strong>nobie“.</strong></span> <span class='ocrx_word' id='word_1_102' title='bbox 948 1623 1053 1681; x_wconf 88' lang='lat' dir='ltr'><strong>Ateius</strong></span> <span class='ocrx_word' id='word_1_103' title='bbox 1076 1621 1180 1700; x_wconf 78' lang='lat' dir='ltr'><strong>Capito</strong></span> 
     </span>
     <span class='ocr_line' id='line_1_12' title="bbox 46 1722 1178 1803; baseline -0.001 -19"><span class='ocrx_word' id='word_1_104' title='bbox 46 1726 134 1803; x_wconf 88' lang='lat' dir='ltr'><strong>apud</strong></span> <span class='ocrx_word' id='word_1_105' title='bbox 152 1724 227 1784; x_wconf 84' lang='lat' dir='ltr'><strong>Gall.</strong></span> <span class='ocrx_word' id='word_1_106' title='bbox 240 1724 322 1784; x_wconf 89' lang='lat' dir='ltr'>XIII.</span> <span class='ocrx_word' id='word_1_107' title='bbox 337 1727 385 1798; x_wconf 90' lang='grc'><strong>12,</strong></span> <span class='ocrx_word' id='word_1_108' title='bbox 400 1729 433 1786; x_wconf 79' lang='lat'><strong>2:</strong></span> <span class='ocrx_word' id='word_1_109' title='bbox 460 1731 577 1801; x_wconf 87' lang='lat' dir='ltr'><strong>„retum</strong></span> <span class='ocrx_word' id='word_1_110' title='bbox 595 1745 777 1802; x_wconf 81' lang='lat' dir='ltr'><strong>pensumque</strong></span> <span class='ocrx_word' id='word_1_111' title='bbox 793 1726 868 1784; x_wconf 89' lang='lat' dir='ltr'><strong>nihil</strong></span> <span class='ocrx_word' id='word_1_112' title='bbox 886 1722 1039 1785; x_wconf 86' lang='lat' dir='ltr'><strong>baberet“.</strong></span> <span class='ocrx_word' id='word_1_113' title='bbox 1051 1753 1095 1766; x_wconf 87' lang='lat'><strong>—-</strong></span> <span class='ocrx_word' id='word_1_114' title='bbox 1109 1727 1178 1784; x_wconf 89' lang='grc'><strong>122.</strong></span> 
     </span>
     <span class='ocr_line' id='line_1_13' title="bbox 54 1822 1179 1906; baseline -0.002 -18"><span class='ocrx_word' id='word_1_115' title='bbox 54 1822 270 1905; x_wconf 69' lang='lat' dir='ltr'><strong>Uirqissemsse&#39;</strong></span> <span class='ocrx_word' id='word_1_116' title='bbox 287 1843 329 1887; x_wconf 78' lang='lat' dir='ltr'><strong>ass</strong></span> <span class='ocrx_word' id='word_1_117' title='bbox 346 1827 506 1902; x_wconf 75' lang='lat' dir='ltr'><strong>Acidaliae,</strong></span> <span class='ocrx_word' id='word_1_118' title='bbox 531 1829 610 1906; x_wconf 90' lang='lat' dir='ltr'><strong>quod</strong></span> <span class='ocrx_word' id='word_1_119' title='bbox 632 1831 690 1887; x_wconf 86' lang='lat' dir='ltr'><strong>iam</strong></span> <span class='ocrx_word' id='word_1_120' title='bbox 713 1829 870 1888; x_wconf 88' lang='lat' dir='ltr'><strong>confirmat</strong></span> <span class='ocrx_word' id='word_1_121' title='bbox 892 1831 1076 1906; x_wconf 90' lang='lat' dir='ltr'><strong>comparatio</strong></span> <span class='ocrx_word' id='word_1_122' title='bbox 1099 1829 1179 1888; x_wconf 90' lang='lat' dir='ltr'><strong>codi-</strong></span> 
     </span>
     <span class='ocr_line' id='line_1_14' title="bbox 48 1927 1180 2008; baseline 0.001 -19"><span class='ocrx_word' id='word_1_123' title='bbox 48 1951 130 1990; x_wconf 86' lang='lat' dir='ltr'><strong>eum.</strong></span> <span class='ocrx_word' id='word_1_124' title='bbox 154 1960 197 1970; x_wconf 97' lang='lat'>-</span> <span class='ocrx_word' id='word_1_125' title='bbox 224 1932 293 1990; x_wconf 85' lang='grc'><strong>123.</strong></span> <span class='ocrx_word' id='word_1_126' title='bbox 316 1927 354 1990; x_wconf 84' lang='lat' dir='ltr'><strong>id</strong></span> <span class='ocrx_word' id='word_1_127' title='bbox 373 1927 541 1991; x_wconf 79' lang='lat' dir='ltr'><strong>minimum</strong></span> <span class='ocrx_word' id='word_1_128' title='bbox 564 1932 613 1991; x_wconf 82' lang='lat' dir='ltr'><strong>cet</strong></span> <span class='ocrx_word' id='word_1_129' title='bbox 632 1927 759 1990; x_wconf 83' lang='lat' dir='ltr'><strong>melum.</strong></span> <span class='ocrx_word' id='word_1_130' title='bbox 804 1932 975 2007; x_wconf 77' lang='lat' dir='ltr'><strong>Panegyris,</strong></span> <span class='ocrx_word' id='word_1_131' title='bbox 1003 1951 1068 2008; x_wconf 82' lang='lat' dir='ltr'><strong>quae</strong></span> <span class='ocrx_word' id='word_1_132' title='bbox 1091 1933 1180 1991; x_wconf 87' lang='lat' dir='ltr'><strong>etiam</strong></span> 
     </span>
     <span class='ocr_line' id='line_1_15' title="bbox 48 2035 1180 2112; baseline 0.001 -19"><span class='ocrx_word' id='word_1_133' title='bbox 48 2055 148 2112; x_wconf 85' lang='lat' dir='ltr'><strong>supra</strong></span> <span class='ocrx_word' id='word_1_134' title='bbox 168 2054 197 2093; x_wconf 83' lang='lat' dir='ltr'><strong>r.</strong></span> <span class='ocrx_word' id='word_1_135' title='bbox 224 2035 283 2092; x_wconf 92' lang='grc'><strong>112</strong></span> <span class='ocrx_word' id='word_1_136' title='bbox 307 2053 353 2110; x_wconf 86' lang='lat' dir='ltr'><strong>sq.</strong></span> <span class='ocrx_word' id='word_1_137' title='bbox 375 2036 473 2110; x_wconf 88' lang='lat' dir='ltr'><strong>patrie</strong></span> <span class='ocrx_word' id='word_1_138' title='bbox 506 2037 627 2112; x_wconf 89' lang='lat' dir='ltr'><strong>nuptias</strong></span> <span class='ocrx_word' id='word_1_139' title='bbox 662 2037 902 2112; x_wconf 75' lang='lat' dir='ltr'><strong>improbaverat,</strong></span> <span class='ocrx_word' id='word_1_140' title='bbox 937 2036 986 2094; x_wconf 81' lang='lat' dir='ltr'><strong>bIc</strong></span> <span class='ocrx_word' id='word_1_141' title='bbox 1012 2035 1180 2112; x_wconf 75' lang='lat' dir='ltr'><strong>tautologia</strong></span> 
     </span>
     <span class='ocr_line' id='line_1_16' title="bbox 48 2137 1179 2216; baseline 0 -20"><span class='ocrx_word' id='word_1_142' title='bbox 48 2140 152 2198; x_wconf 88' lang='lat' dir='ltr'><strong>utitur</strong></span> <span class='ocrx_word' id='word_1_143' title='bbox 169 2157 187 2195; x_wconf 89' lang='lat' dir='ltr'><strong>a</strong></span> <span class='ocrx_word' id='word_1_144' title='bbox 203 2137 352 2196; x_wconf 86' lang='lat' dir='ltr'><strong>sententia</strong></span> <span class='ocrx_word' id='word_1_145' title='bbox 363 2156 422 2194; x_wconf 91' lang='lat' dir='ltr'><strong>non</strong></span> <span class='ocrx_word' id='word_1_146' title='bbox 440 2137 621 2196; x_wconf 81' lang='lat' dir='ltr'><strong>abhorrenti.</strong></span> <span class='ocrx_word' id='word_1_147' title='bbox 656 2137 741 2210; x_wconf 81' lang='lat' dir='ltr'><strong>Quod</strong></span> <span class='ocrx_word' id='word_1_148' title='bbox 760 2137 795 2196; x_wconf 88' lang='lat' dir='ltr'><strong>R.</strong></span> <span class='ocrx_word' id='word_1_149' title='bbox 814 2159 850 2198; x_wconf 85' lang='lat' dir='ltr'><strong>ex</strong></span> <span class='ocrx_word' id='word_1_150' title='bbox 867 2138 893 2196; x_wconf 99' lang='lat' dir='ltr'><strong>A</strong></span> <span class='ocrx_word' id='word_1_151' title='bbox 911 2139 1080 2216; x_wconf 83' lang='lat' dir='ltr'><strong>assumpsit,</strong></span> <span class='ocrx_word' id='word_1_152' title='bbox 1107 2139 1179 2212; x_wconf 85' lang='lat' dir='ltr'><strong>„mi-</strong></span> 
     </span>
     <span class='ocr_line' id='line_1_17' title="bbox 49 2235 1178 2310; baseline 0.001 -10"><span class='ocrx_word' id='word_1_153' title='bbox 49 2244 132 2300; x_wconf 91' lang='lat' dir='ltr'><strong>nime</strong></span> <span class='ocrx_word' id='word_1_154' title='bbox 157 2245 202 2300; x_wconf 87' lang='lat' dir='ltr'><strong>eet</strong></span> <span class='ocrx_word' id='word_1_155' title='bbox 223 2235 363 2310; x_wconf 85' lang='lat' dir='ltr'><strong>malnm“,</strong></span> <span class='ocrx_word' id='word_1_156' title='bbox 387 2240 650 2300; x_wconf 85' lang='lat' dir='ltr'><strong>contradictionem</strong></span> <span class='ocrx_word' id='word_1_157' title='bbox 673 2241 763 2299; x_wconf 88' lang='lat' dir='ltr'><strong>habet</strong></span> <span class='ocrx_word' id='word_1_158' title='bbox 785 2261 844 2300; x_wconf 93' lang='lat' dir='ltr'><strong>nou</strong></span> <span class='ocrx_word' id='word_1_159' title='bbox 860 2241 1022 2300; x_wconf 87' lang='lat' dir='ltr'><strong>ferendam.</strong></span> <span class='ocrx_word' id='word_1_160' title='bbox 1042 2271 1084 2282; x_wconf 90' lang='lat'>-</span> <span class='ocrx_word' id='word_1_161' title='bbox 1109 2243 1178 2301; x_wconf 93' lang='grc'><strong>124.</strong></span> 
     </span>
    </p>
   </div>
   <div class='ocr_carea' id='block_1_5' title="bbox 50 2338 1178 2523">
    <p class='ocr_par' dir='ltr' id='par_1_5' title="bbox 50 2338 1178 2523">
     <span class='ocr_line' id='line_1_18' title="bbox 50 2338 1177 2421; baseline 0.001 -18"><span class='ocrx_word' id='word_1_162' title='bbox 50 2339 158 2404; x_wconf 71' lang='lat' dir='ltr'><strong>uitare</strong></span> <span class='ocrx_word' id='word_1_163' title='bbox 178 2338 284 2418; x_wconf 65' lang='lat' dir='ltr'><strong>uita,</strong></span> <span class='ocrx_word' id='word_1_164' title='bbox 312 2361 340 2402; x_wconf 86' lang='lat' dir='ltr'><strong>v.</strong></span> <span class='ocrx_word' id='word_1_165' title='bbox 363 2343 401 2401; x_wconf 90' lang='lat' dir='ltr'><strong>ad</strong></span> <span class='ocrx_word' id='word_1_166' title='bbox 423 2342 507 2403; x_wconf 85' lang='lat' dir='ltr'><strong>Cure.</strong></span> <span class='ocrx_word' id='word_1_167' title='bbox 532 2345 602 2402; x_wconf 85' lang='grc'><strong>298.</strong></span> <span class='ocrx_word' id='word_1_168' title='bbox 659 2343 843 2421; x_wconf 86' lang='lat' dir='ltr'><strong>Scripturam</strong></span> <span class='ocrx_word' id='word_1_169' title='bbox 866 2343 999 2402; x_wconf 90' lang='lat' dir='ltr'><strong>codicum</strong></span> <span class='ocrx_word' id='word_1_170' title='bbox 1023 2349 1103 2404; x_wconf 89' lang='lat' dir='ltr'><strong>recte</strong></span> <span class='ocrx_word' id='word_1_171' title='bbox 1125 2344 1177 2403; x_wconf 92' lang='lat' dir='ltr'><strong>de·</strong></span> 
     </span>
     <span class='ocr_line' id='line_1_19' title="bbox 51 2439 1178 2523; baseline 0 -19"><span class='ocrx_word' id='word_1_172' title='bbox 51 2447 152 2506; x_wconf 82' lang='lat' dir='ltr'><strong>iendit</strong></span> <span class='ocrx_word' id='word_1_173' title='bbox 174 2444 310 2522; x_wconf 82' lang='lat' dir='ltr'><strong>Spengel.</strong></span> <span class='ocrx_word' id='word_1_174' title='bbox 334 2444 432 2504; x_wconf 93' lang='lat' dir='ltr'><strong>Plaut.</strong></span> <span class='ocrx_word' id='word_1_175' title='bbox 456 2467 485 2523; x_wconf 92' lang='lat' dir='ltr'><strong>p.</strong></span> <span class='ocrx_word' id='word_1_176' title='bbox 510 2447 559 2505; x_wconf 90' lang='grc'><strong>45.</strong></span> <span class='ocrx_word' id='word_1_177' title='bbox 583 2475 626 2486; x_wconf 94' lang='grc'>-</span> <span class='ocrx_word' id='word_1_178' title='bbox 653 2439 708 2518; x_wconf 77' lang='lat' dir='ltr'><strong>Ut,</strong></span> <span class='ocrx_word' id='word_1_179' title='bbox 740 2467 766 2503; x_wconf 92' lang='lat' dir='ltr'><strong>v.</strong></span> <span class='ocrx_word' id='word_1_180' title='bbox 791 2445 828 2504; x_wconf 88' lang='lat' dir='ltr'><strong>ed</strong></span> <span class='ocrx_word' id='word_1_181' title='bbox 850 2444 931 2506; x_wconf 92' lang='lat' dir='ltr'><strong>Pers.</strong></span> <span class='ocrx_word' id='word_1_182' title='bbox 956 2448 1006 2506; x_wconf 87' lang='grc'><strong>37.</strong></span> <span class='ocrx_word' id='word_1_183' title='bbox 1036 2477 1078 2488; x_wconf 90' lang='lat'><em>-</em></span> <span class='ocrx_word' id='word_1_184' title='bbox 1108 2449 1178 2508; x_wconf 92' lang='grc'><strong>127.</strong></span> 
     </span>
    </p>
   </div>
   <div class='ocr_carea' id='block_1_6' title="bbox 47 2545 1244 4478">
    <p class='ocr_par' dir='ltr' id='par_1_6' title="bbox 47 2545 1244 4478">
     <span class='ocr_line' id='line_1_20' title="bbox 52 2545 1179 2628; baseline 0.003 -20"><span class='ocrx_word' id='word_1_185' title='bbox 52 2549 167 2622; x_wconf 63' lang='lat' dir='ltr'><strong>umen,</strong></span> <span class='ocrx_word' id='word_1_186' title='bbox 191 2549 228 2608; x_wconf 86' lang='lat' dir='ltr'><strong>cf.</strong></span> <span class='ocrx_word' id='word_1_187' title='bbox 255 2549 323 2608; x_wconf 88' lang='grc'><strong>102.</strong></span> <span class='ocrx_word' id='word_1_188' title='bbox 346 2577 389 2588; x_wconf 95' lang='lat'><em>-</em></span> <span class='ocrx_word' id='word_1_189' title='bbox 411 2547 661 2626; x_wconf 75' lang='lat' dir='ltr'><strong>quom...suni,</strong></span> <span class='ocrx_word' id='word_1_190' title='bbox 685 2570 712 2607; x_wconf 87' lang='lat' dir='ltr'><strong>v.</strong></span> <span class='ocrx_word' id='word_1_191' title='bbox 732 2547 832 2607; x_wconf 77' lang='lat' dir='ltr'><strong>adse.</strong></span> <span class='ocrx_word' id='word_1_192' title='bbox 855 2578 898 2588; x_wconf 97' lang='lat'>-</span> <span class='ocrx_word' id='word_1_193' title='bbox 924 2551 993 2609; x_wconf 89' lang='grc'><strong>129.</strong></span> <span class='ocrx_word' id='word_1_194' title='bbox 1016 2545 1179 2628; x_wconf 77' lang='lat' dir='ltr'><strong>iuqeue&#39;um</strong></span> 
     </span>
     <span class='ocr_line' id='line_1_21' title="bbox 51 2646 1180 2729; baseline 0.004 -19"><span class='ocrx_word' id='word_1_195' title='bbox 51 2646 178 2729; x_wconf 72' lang='lat' dir='ltr'><strong>inperii,</strong></span> <span class='ocrx_word' id='word_1_196' title='bbox 211 2651 323 2728; x_wconf 78' lang='lat' dir='ltr'><strong>ingenii</strong></span> <span class='ocrx_word' id='word_1_197' title='bbox 350 2657 467 2712; x_wconf 87' lang='lat' dir='ltr'><strong>natura.</strong></span> <span class='ocrx_word' id='word_1_198' title='bbox 502 2681 543 2692; x_wconf 81' lang='lat'><strong>-·-</strong></span> <span class='ocrx_word' id='word_1_199' title='bbox 580 2653 648 2710; x_wconf 83' lang='lat'><strong>130.</strong></span> <span class='ocrx_word' id='word_1_200' title='bbox 683 2665 751 2710; x_wconf 83' lang='lat' dir='ltr'><strong>esse</strong></span> <span class='ocrx_word' id='word_1_201' title='bbox 783 2653 813 2709; x_wconf 95' lang='lat' dir='ltr'><strong>in</strong></span> <span class='ocrx_word' id='word_1_202' title='bbox 846 2654 992 2712; x_wconf 86' lang='lat' dir='ltr'><strong>eiusmodi</strong></span> <span class='ocrx_word' id='word_1_203' title='bbox 1025 2655 1180 2714; x_wconf 88' lang='lat' dir='ltr'><strong>sententiis</strong></span> 
     </span>
     <span class='ocr_line' id='line_1_22' title="bbox 52 2750 1179 2831; baseline 0.002 -17"><span class='ocrx_word' id='word_1_204' title='bbox 52 2755 153 2814; x_wconf 88' lang='lat' dir='ltr'><strong>omitti</strong></span> <span class='ocrx_word' id='word_1_205' title='bbox 181 2754 272 2827; x_wconf 88' lang='lat' dir='ltr'><strong>solet,</strong></span> <span class='ocrx_word' id='word_1_206' title='bbox 306 2760 341 2813; x_wconf 91' lang='lat' dir='ltr'><strong>ut</strong></span> <span class='ocrx_word' id='word_1_207' title='bbox 372 2755 502 2829; x_wconf 83' lang='lat' dir='ltr'><strong>„iactum</strong></span> <span class='ocrx_word' id='word_1_208' title='bbox 530 2750 634 2827; x_wconf 88' lang='lat' dir='ltr'><strong>uolo“;</strong></span> <span class='ocrx_word' id='word_1_209' title='bbox 669 2755 756 2812; x_wconf 87' lang='lat' dir='ltr'><strong>etiam</strong></span> <span class='ocrx_word' id='word_1_210' title='bbox 785 2758 854 2830; x_wconf 86' lang='lat' dir='ltr'><strong>post</strong></span> <span class='ocrx_word' id='word_1_211' title='bbox 885 2751 1055 2831; x_wconf 85' lang='lat' dir='ltr'><strong>,oportet“,</strong></span> <span class='ocrx_word' id='word_1_212' title='bbox 1088 2776 1116 2817; x_wconf 82' lang='lat' dir='ltr'><strong>v.</strong></span> <span class='ocrx_word' id='word_1_213' title='bbox 1141 2758 1179 2816; x_wconf 88' lang='lat' dir='ltr'><strong>ad</strong></span> 
     </span>
     <span class='ocr_line' id='line_1_23' title="bbox 53 2852 1180 2936; baseline 0.002 -20"><span class='ocrx_word' id='word_1_214' title='bbox 53 2857 164 2936; x_wconf 90' lang='lat' dir='ltr'><strong>Amph.</strong></span> <span class='ocrx_word' id='word_1_215' title='bbox 178 2859 250 2930; x_wconf 83' lang='grc'><strong>733,</strong></span> <span class='ocrx_word' id='word_1_216' title='bbox 273 2857 324 2914; x_wconf 89' lang='lat' dir='ltr'><strong>ubi</strong></span> <span class='ocrx_word' id='word_1_217' title='bbox 346 2875 400 2933; x_wconf 91' lang='lat' dir='ltr'><strong>pro</strong></span> <span class='ocrx_word' id='word_1_218' title='bbox 426 2853 578 2934; x_wconf 85' lang='lat' dir='ltr'><strong>„semper“</strong></span> <span class='ocrx_word' id='word_1_219' title='bbox 604 2855 789 2915; x_wconf 88' lang='lat' dir='ltr'><strong>scribendum</strong></span> <span class='ocrx_word' id='word_1_220' title='bbox 808 2852 1036 2934; x_wconf 85' lang='lat' dir='ltr'><strong>,plerumque“;</strong></span> <span class='ocrx_word' id='word_1_221' title='bbox 1060 2858 1180 2918; x_wconf 77' lang='lat' dir='ltr'><strong>addilur</strong></span> 
     </span>
     <span class='ocr_line' id='line_1_24' title="bbox 53 2957 1177 3020; baseline 0.002 -2"><span class='ocrx_word' id='word_1_222' title='bbox 53 2964 132 3020; x_wconf 89' lang='lat' dir='ltr'><strong>enim</strong></span> <span class='ocrx_word' id='word_1_223' title='bbox 157 2959 262 3019; x_wconf 84' lang='lat' dir='ltr'><strong>Bacch.</strong></span> <span class='ocrx_word' id='word_1_224' title='bbox 288 2961 358 3020; x_wconf 88' lang='grc'><strong>814.</strong></span> <span class='ocrx_word' id='word_1_225' title='bbox 393 2959 458 3019; x_wconf 83' lang='lat' dir='ltr'><strong>Cas.</strong></span> <span class='ocrx_word' id='word_1_226' title='bbox 482 2961 554 3018; x_wconf 93' lang='grc'><strong>715.</strong></span> <span class='ocrx_word' id='word_1_227' title='bbox 588 2957 677 3018; x_wconf 84' lang='lat' dir='ltr'><strong>Most.</strong></span> <span class='ocrx_word' id='word_1_228' title='bbox 700 2961 789 3018; x_wconf 90' lang='grc'><strong>1072.</strong></span> <span class='ocrx_word' id='word_1_229' title='bbox 825 2961 906 3020; x_wconf 87' lang='lat' dir='ltr'><strong>Trin.</strong></span> <span class='ocrx_word' id='word_1_230' title='bbox 928 2962 1017 3019; x_wconf 84' lang='grc'><strong>1092.</strong></span> <span class='ocrx_word' id='word_1_231' title='bbox 1043 2989 1081 3002; x_wconf 85' lang='lat'>-</span> <span class='ocrx_word' id='word_1_232' title='bbox 1109 2963 1177 3020; x_wconf 89' lang='lat'><strong>131.</strong></span> 
     </span>
     <span class='ocr_line' id='line_1_25' title="bbox 53 3058 1179 3143; baseline 0.001 -20"><span class='ocrx_word' id='word_1_233' title='bbox 53 3058 142 3123; x_wconf 78' lang='lat' dir='ltr'><strong>Mihi</strong></span> <span class='ocrx_word' id='word_1_234' title='bbox 169 3063 216 3122; x_wconf 86' lang='lat' dir='ltr'><strong>vel</strong></span> <span class='ocrx_word' id='word_1_235' title='bbox 238 3062 281 3121; x_wconf 78' lang='lat' dir='ltr'><strong>Mi</strong></span> <span class='ocrx_word' id='word_1_236' title='bbox 308 3080 374 3121; x_wconf 90' lang='lat' dir='ltr'><strong>cnm</strong></span> <span class='ocrx_word' id='word_1_237' title='bbox 401 3063 537 3139; x_wconf 85' lang='lat' dir='ltr'><strong>proximo</strong></span> <span class='ocrx_word' id='word_1_238' title='bbox 566 3062 715 3121; x_wconf 87' lang='lat' dir='ltr'><strong>coalescit.</strong></span> <span class='ocrx_word' id='word_1_239' title='bbox 744 3093 785 3103; x_wconf 93' lang='lat'>—</span> <span class='ocrx_word' id='word_1_240' title='bbox 818 3065 886 3121; x_wconf 84' lang='grc'><strong>138.</strong></span> <span class='ocrx_word' id='word_1_241' title='bbox 918 3059 1055 3124; x_wconf 75' lang='lat' dir='ltr'><strong>lacones</strong></span> <span class='ocrx_word' id='word_1_242' title='bbox 1081 3065 1179 3143; x_wconf 88' lang='lat' dir='ltr'><strong>prima</strong></span> 
     </span>
     <span class='ocr_line' id='line_1_26' title="bbox 53 3159 1177 3245; baseline 0.004 -22"><span class='ocrx_word' id='word_1_243' title='bbox 53 3166 149 3226; x_wconf 81' lang='lat' dir='ltr'><strong>brevi.</strong></span> <span class='ocrx_word' id='word_1_244' title='bbox 172 3195 214 3207; x_wconf 89' lang='lat'>-</span> <span class='ocrx_word' id='word_1_245' title='bbox 239 3167 307 3224; x_wconf 85' lang='lat'><strong>139.</strong></span> <span class='ocrx_word' id='word_1_246' title='bbox 338 3164 370 3223; x_wconf 83' lang='lat' dir='ltr'><strong>tu</strong></span> <span class='ocrx_word' id='word_1_247' title='bbox 392 3180 440 3223; x_wconf 85' lang='lat' dir='ltr'><strong>ma</strong></span> <span class='ocrx_word' id='word_1_248' title='bbox 464 3166 499 3224; x_wconf 86' lang='lat' dir='ltr'><strong>A.</strong></span> <span class='ocrx_word' id='word_1_249' title='bbox 521 3195 563 3206; x_wconf 95' lang='lat'>—</span> <span class='ocrx_word' id='word_1_250' title='bbox 594 3165 663 3224; x_wconf 87' lang='grc'><strong>143.</strong></span> <span class='ocrx_word' id='word_1_251' title='bbox 694 3159 768 3224; x_wconf 79' lang='lat' dir='ltr'><strong>uiro</strong></span> <span class='ocrx_word' id='word_1_252' title='bbox 790 3167 826 3224; x_wconf 89' lang='lat' dir='ltr'><strong>A.</strong></span> <span class='ocrx_word' id='word_1_253' title='bbox 850 3195 892 3206; x_wconf 93' lang='lat'><em>-</em></span> <span class='ocrx_word' id='word_1_254' title='bbox 925 3169 992 3226; x_wconf 87' lang='grc'><strong>144.</strong></span> <span class='ocrx_word' id='word_1_255' title='bbox 1020 3163 1177 3245; x_wconf 74' lang='lat' dir='ltr'><strong>persequi,</strong></span> 
     </span>
     <span class='ocr_line' id='line_1_27' title="bbox 53 3267 1179 3346; baseline 0.005 -21"><span class='ocrx_word' id='word_1_256' title='bbox 53 3271 192 3346; x_wconf 84' lang='lat' dir='ltr'><strong>exsequi,</strong></span> <span class='ocrx_word' id='word_1_257' title='bbox 220 3289 248 3328; x_wconf 82' lang='lat' dir='ltr'><strong>v.</strong></span> <span class='ocrx_word' id='word_1_258' title='bbox 271 3267 309 3327; x_wconf 89' lang='lat' dir='ltr'><strong>ad</strong></span> <span class='ocrx_word' id='word_1_259' title='bbox 332 3268 399 3326; x_wconf 91' lang='lat' dir='ltr'><strong>Aul.</strong></span> <span class='ocrx_word' id='word_1_260' title='bbox 425 3269 494 3327; x_wconf 87' lang='grc'><strong>579.</strong></span> <span class='ocrx_word' id='word_1_261' title='bbox 524 3299 565 3308; x_wconf 96' lang='grc'>-</span> <span class='ocrx_word' id='word_1_262' title='bbox 596 3270 665 3327; x_wconf 89' lang='grc'><strong>145.</strong></span> <span class='ocrx_word' id='word_1_263' title='bbox 694 3284 769 3346; x_wconf 65' lang='lat' dir='ltr'><strong>qum</strong></span> <span class='ocrx_word' id='word_1_264' title='bbox 800 3269 922 3329; x_wconf 82' lang='lat' dir='ltr'><strong>auditur</strong></span> <span class='ocrx_word' id='word_1_265' title='bbox 946 3268 1064 3346; x_wconf 87' lang='lat' dir='ltr'><strong>„inde“,</strong></span> <span class='ocrx_word' id='word_1_266' title='bbox 1088 3292 1116 3330; x_wconf 83' lang='lat' dir='ltr'><strong>v.</strong></span> <span class='ocrx_word' id='word_1_267' title='bbox 1141 3272 1179 3331; x_wconf 88' lang='lat' dir='ltr'><strong>ad</strong></span> 
     </span>
     <span class='ocr_line' id='line_1_28' title="bbox 53 3366 1244 3451; baseline 0.005 -23"><span class='ocrx_word' id='word_1_268' title='bbox 53 3371 118 3432; x_wconf 89' lang='lat' dir='ltr'><strong>Mil.</strong></span> <span class='ocrx_word' id='word_1_269' title='bbox 147 3374 237 3431; x_wconf 90' lang='grc'><strong>1305.</strong></span> <span class='ocrx_word' id='word_1_270' title='bbox 259 3399 301 3412; x_wconf 91' lang='grc'>-</span> <span class='ocrx_word' id='word_1_271' title='bbox 327 3371 396 3429; x_wconf 91' lang='grc'><strong>147.</strong></span> <span class='ocrx_word' id='word_1_272' title='bbox 420 3366 626 3444; x_wconf 71' lang='lat' dir='ltr'><strong>arbitratum,</strong></span> <span class='ocrx_word' id='word_1_273' title='bbox 650 3373 747 3429; x_wconf 79' lang='lat' dir='ltr'><strong>activa</strong></span> <span class='ocrx_word' id='word_1_274' title='bbox 768 3371 873 3442; x_wconf 80' lang='lat' dir='ltr'><strong>forma,</strong></span> <span class='ocrx_word' id='word_1_275' title='bbox 897 3392 923 3431; x_wconf 84' lang='lat' dir='ltr'><strong>v.</strong></span> <span class='ocrx_word' id='word_1_276' title='bbox 944 3374 982 3432; x_wconf 87' lang='lat' dir='ltr'><strong>ad</strong></span> <span class='ocrx_word' id='word_1_277' title='bbox 1000 3373 1086 3451; x_wconf 85' lang='lat' dir='ltr'><strong>Epid.</strong></span> <span class='ocrx_word' id='word_1_278' title='bbox 1107 3376 1177 3434; x_wconf 89' lang='grc'><strong>268.</strong></span> <span class='ocrx_word' id='word_1_279' title='bbox 1242 3427 1244 3434; x_wconf 61' lang='grc'><strong>.</strong></span> 
     </span>
     <span class='ocr_line' id='line_1_29' title="bbox 53 3470 1177 3551; baseline 0.003 -19"><span class='ocrx_word' id='word_1_280' title='bbox 53 3473 152 3533; x_wconf 82' lang='lat' dir='ltr'><strong>Affert</strong></span> <span class='ocrx_word' id='word_1_281' title='bbox 179 3474 293 3535; x_wconf 86' lang='lat' dir='ltr'><strong>Nonius</strong></span> <span class='ocrx_word' id='word_1_282' title='bbox 326 3491 356 3549; x_wconf 92' lang='lat' dir='ltr'><strong>p.</strong></span> <span class='ocrx_word' id='word_1_283' title='bbox 387 3474 448 3531; x_wconf 90' lang='grc'><strong>470</strong></span> <span class='ocrx_word' id='word_1_284' title='bbox 481 3470 588 3546; x_wconf 85' lang='lat' dir='ltr'><strong>„nero“</strong></span> <span class='ocrx_word' id='word_1_285' title='bbox 619 3493 675 3551; x_wconf 89' lang='lat' dir='ltr'><strong>pro</strong></span> <span class='ocrx_word' id='word_1_286' title='bbox 705 3471 833 3546; x_wconf 86' lang='lat' dir='ltr'><strong>„credo“</strong></span> <span class='ocrx_word' id='word_1_287' title='bbox 864 3476 1004 3534; x_wconf 89' lang='lat' dir='ltr'><strong>scribens.</strong></span> <span class='ocrx_word' id='word_1_288' title='bbox 1036 3505 1073 3516; x_wconf 90' lang='lat'>-</span> <span class='ocrx_word' id='word_1_289' title='bbox 1108 3477 1177 3535; x_wconf 85' lang='grc'><strong>149.</strong></span> 
     </span>
     <span class='ocr_line' id='line_1_30' title="bbox 47 3571 1177 3653; baseline 0 -16"><span class='ocrx_word' id='word_1_290' title='bbox 47 3571 159 3650; x_wconf 75' lang='lat' dir='ltr'><strong>places</strong></span> <span class='ocrx_word' id='word_1_291' title='bbox 179 3576 215 3636; x_wconf 92' lang='lat' dir='ltr'><strong>A.</strong></span> <span class='ocrx_word' id='word_1_292' title='bbox 261 3575 322 3634; x_wconf 87' lang='lat' dir='ltr'><strong>Iam</strong></span> <span class='ocrx_word' id='word_1_293' title='bbox 345 3575 473 3634; x_wconf 88' lang='lat' dir='ltr'><strong>discedit</strong></span> <span class='ocrx_word' id='word_1_294' title='bbox 493 3576 635 3653; x_wconf 90' lang='lat' dir='ltr'><strong>Antipho.</strong></span> <span class='ocrx_word' id='word_1_295' title='bbox 666 3605 704 3616; x_wconf 88' lang='lat'><strong>--</strong></span> <span class='ocrx_word' id='word_1_296' title='bbox 736 3578 805 3635; x_wconf 91' lang='grc'><strong>151.</strong></span> <span class='ocrx_word' id='word_1_297' title='bbox 835 3571 872 3636; x_wconf 85' lang='lat' dir='ltr'><strong>ab</strong></span> <span class='ocrx_word' id='word_1_298' title='bbox 894 3574 964 3636; x_wconf 80' lang='lat' dir='ltr'><strong>uiro</strong></span> <span class='ocrx_word' id='word_1_299' title='bbox 986 3579 1022 3637; x_wconf 90' lang='lat' dir='ltr'><strong>A.</strong></span> <span class='ocrx_word' id='word_1_300' title='bbox 1040 3609 1082 3619; x_wconf 91' lang='lat'><em>-</em></span> <span class='ocrx_word' id='word_1_301' title='bbox 1108 3581 1177 3638; x_wconf 91' lang='grc'><strong>152.</strong></span> 
     </span>
     <span class='ocr_line' id='line_1_31' title="bbox 56 3673 1176 3758; baseline 0.001 -19"><span class='ocrx_word' id='word_1_302' title='bbox 56 3675 169 3754; x_wconf 85' lang='lat' dir='ltr'><strong>,sciae“</strong></span> <span class='ocrx_word' id='word_1_303' title='bbox 196 3699 232 3739; x_wconf 86' lang='lat' dir='ltr'><strong>ex</strong></span> <span class='ocrx_word' id='word_1_304' title='bbox 254 3679 281 3738; x_wconf 89' lang='lat' dir='ltr'><strong>A</strong></span> <span class='ocrx_word' id='word_1_305' title='bbox 303 3678 338 3737; x_wconf 87' lang='lat' dir='ltr'><strong>R.</strong></span> <span class='ocrx_word' id='word_1_306' title='bbox 361 3680 411 3738; x_wconf 85' lang='lat' dir='ltr'><strong>vix</strong></span> <span class='ocrx_word' id='word_1_307' title='bbox 433 3683 524 3738; x_wconf 87' lang='lat' dir='ltr'><strong>recte.</strong></span> <span class='ocrx_word' id='word_1_308' title='bbox 548 3709 590 3719; x_wconf 88' lang='lat'>-</span> <span class='ocrx_word' id='word_1_309' title='bbox 623 3681 691 3739; x_wconf 88' lang='lat'><strong>153.</strong></span> <span class='ocrx_word' id='word_1_310' title='bbox 728 3673 905 3740; x_wconf 57' lang='lat' dir='ltr'><strong>boeotium</strong></span> <span class='ocrx_word' id='word_1_311' title='bbox 928 3681 1067 3740; x_wconf 87' lang='lat' dir='ltr'><strong>ancillam</strong></span> <span class='ocrx_word' id='word_1_312' title='bbox 1089 3701 1176 3758; x_wconf 88' lang='lat' dir='ltr'><strong>para·</strong></span> 
     </span>
     <span class='ocr_line' id='line_1_32' title="bbox 54 3780 1178 3862; baseline 0.005 -24"><span class='ocrx_word' id='word_1_313' title='bbox 54 3781 142 3841; x_wconf 87' lang='lat' dir='ltr'><strong>sitnm</strong></span> <span class='ocrx_word' id='word_1_314' title='bbox 166 3800 313 3841; x_wconf 86' lang='lat' dir='ltr'><strong>arcessere</strong></span> <span class='ocrx_word' id='word_1_315' title='bbox 335 3780 431 3855; x_wconf 89' lang='lat' dir='ltr'><strong>iubet,</strong></span> <span class='ocrx_word' id='word_1_316' title='bbox 466 3787 501 3840; x_wconf 91' lang='lat' dir='ltr'><strong>ut</strong></span> <span class='ocrx_word' id='word_1_317' title='bbox 528 3783 566 3841; x_wconf 90' lang='lat' dir='ltr'><strong>ad</strong></span> <span class='ocrx_word' id='word_1_318' title='bbox 593 3788 714 3860; x_wconf 86' lang='lat' dir='ltr'><strong>portum</strong></span> <span class='ocrx_word' id='word_1_319' title='bbox 743 3789 791 3840; x_wconf 90' lang='lat' dir='ltr'><strong>eat</strong></span> <span class='ocrx_word' id='word_1_320' title='bbox 813 3785 985 3860; x_wconf 79' lang='lat' dir='ltr'><strong>quesitum,</strong></span> <span class='ocrx_word' id='word_1_321' title='bbox 1020 3804 1090 3844; x_wconf 89' lang='lat' dir='ltr'><strong>num</strong></span> <span class='ocrx_word' id='word_1_322' title='bbox 1113 3804 1178 3862; x_wconf 77' lang='lat' dir='ltr'><strong>que</strong></span> 
     </span>
     <span class='ocr_line' id='line_1_33' title="bbox 55 3885 1178 3962; baseline 0.005 -21"><span class='ocrx_word' id='word_1_323' title='bbox 55 3887 137 3944; x_wconf 83' lang='lat' dir='ltr'><strong>nasis</strong></span> <span class='ocrx_word' id='word_1_324' title='bbox 165 3905 201 3943; x_wconf 87' lang='lat' dir='ltr'><strong>ex</strong></span> <span class='ocrx_word' id='word_1_325' title='bbox 227 3886 301 3943; x_wconf 87' lang='lat' dir='ltr'><strong>Asia</strong></span> <span class='ocrx_word' id='word_1_326' title='bbox 327 3886 458 3958; x_wconf 86' lang='lat' dir='ltr'><strong>venerit;</strong></span> <span class='ocrx_word' id='word_1_327' title='bbox 492 3905 560 3943; x_wconf 91' lang='lat' dir='ltr'><strong>nam</strong></span> <span class='ocrx_word' id='word_1_328' title='bbox 590 3904 708 3945; x_wconf 89' lang='lat' dir='ltr'><strong>servum</strong></span> <span class='ocrx_word' id='word_1_329' title='bbox 738 3885 789 3944; x_wconf 88' lang='lat' dir='ltr'><strong>illa</strong></span> <span class='ocrx_word' id='word_1_330' title='bbox 819 3886 939 3962; x_wconf 92' lang='lat' dir='ltr'><strong>quidem</strong></span> <span class='ocrx_word' id='word_1_331' title='bbox 966 3887 1119 3947; x_wconf 88' lang='lat' dir='ltr'><strong>Pinacium</strong></span> <span class='ocrx_word' id='word_1_332' title='bbox 1147 3889 1178 3946; x_wconf 93' lang='lat' dir='ltr'><strong>in</strong></span> 
     </span>
     <span class='ocr_line' id='line_1_34' title="bbox 55 3987 1177 4068; baseline 0.004 -24"><span class='ocrx_word' id='word_1_333' title='bbox 55 3994 141 4061; x_wconf 87' lang='lat' dir='ltr'><strong>portu</strong></span> <span class='ocrx_word' id='word_1_334' title='bbox 163 3987 332 4065; x_wconf 73' lang='lat' dir='ltr'><strong>prestolari</strong></span> <span class='ocrx_word' id='word_1_335' title='bbox 354 3989 489 4060; x_wconf 85' lang='lat' dir='ltr'><strong>iusserat,</strong></span> <span class='ocrx_word' id='word_1_336' title='bbox 513 3993 547 4046; x_wconf 87' lang='lat' dir='ltr'><strong>ut</strong></span> <span class='ocrx_word' id='word_1_337' title='bbox 564 3989 621 4047; x_wconf 89' lang='lat' dir='ltr'><strong>eibi</strong></span> <span class='ocrx_word' id='word_1_338' title='bbox 640 3990 874 4068; x_wconf 84' lang='lat' dir='ltr'><strong>quamprimum</strong></span> <span class='ocrx_word' id='word_1_339' title='bbox 891 3991 1027 4048; x_wconf 89' lang='lat' dir='ltr'><strong>nuntium</strong></span> <span class='ocrx_word' id='word_1_340' title='bbox 1047 3989 1177 4064; x_wconf 84' lang='lat' dir='ltr'><strong>afferret,</strong></span> 
     </span>
     <span class='ocr_line' id='line_1_35' title="bbox 56 4090 1176 4168; baseline 0.007 -24"><span class='ocrx_word' id='word_1_341' title='bbox 56 4090 104 4147; x_wconf 90' lang='lat' dir='ltr'><strong>sed</strong></span> <span class='ocrx_word' id='word_1_342' title='bbox 126 4095 263 4162; x_wconf 87' lang='lat' dir='ltr'><strong>veretur,</strong></span> <span class='ocrx_word' id='word_1_343' title='bbox 297 4109 333 4147; x_wconf 93' lang='lat' dir='ltr'><strong>ne</strong></span> <span class='ocrx_word' id='word_1_344' title='bbox 363 4108 470 4166; x_wconf 88' lang='lat' dir='ltr'><strong>parum</strong></span> <span class='ocrx_word' id='word_1_345' title='bbox 501 4097 637 4149; x_wconf 87' lang='lat' dir='ltr'><strong>accurate</strong></span> <span class='ocrx_word' id='word_1_346' title='bbox 668 4090 767 4150; x_wconf 82' lang='lat' dir='ltr'><strong>officio</strong></span> <span class='ocrx_word' id='word_1_347' title='bbox 790 4111 843 4150; x_wconf 89' lang='lat' dir='ltr'><strong>sno</strong></span> <span class='ocrx_word' id='word_1_348' title='bbox 867 4093 1016 4168; x_wconf 82' lang='lat' dir='ltr'><strong>fungatur.</strong></span> <span class='ocrx_word' id='word_1_349' title='bbox 1039 4123 1082 4133; x_wconf 98' lang='lat'><strong>—</strong></span> <span class='ocrx_word' id='word_1_350' title='bbox 1108 4095 1176 4153; x_wconf 86' lang='lat'><strong>155.</strong></span> 
     </span>
     <span class='ocr_line' id='line_1_36' title="bbox 56 4187 1177 4272; baseline 0.005 -25"><span class='ocrx_word' id='word_1_351' title='bbox 56 4189 123 4252; x_wconf 87' lang='lat' dir='ltr'><strong>Post</strong></span> <span class='ocrx_word' id='word_1_352' title='bbox 145 4187 212 4252; x_wconf 75' lang='lat' dir='ltr'><strong>lteri</strong></span> <span class='ocrx_word' id='word_1_353' title='bbox 229 4193 344 4265; x_wconf 86' lang='lat' dir='ltr'><strong>hiatus;</strong></span> <span class='ocrx_word' id='word_1_354' title='bbox 367 4191 402 4250; x_wconf 86' lang='lat' dir='ltr'><strong>R.</strong></span> <span class='ocrx_word' id='word_1_355' title='bbox 423 4189 494 4266; x_wconf 84' lang='lat' dir='ltr'><strong>„eo“</strong></span> <span class='ocrx_word' id='word_1_356' title='bbox 516 4191 652 4265; x_wconf 87' lang='lat' dir='ltr'><strong>addebat,</strong></span> <span class='ocrx_word' id='word_1_357' title='bbox 676 4197 763 4268; x_wconf 85' lang='lat' dir='ltr'><strong>quasi</strong></span> <span class='ocrx_word' id='word_1_358' title='bbox 782 4214 818 4252; x_wconf 87' lang='lat' dir='ltr'><strong>ex</strong></span> <span class='ocrx_word' id='word_1_359' title='bbox 836 4193 872 4268; x_wconf 90' lang='lat' dir='ltr'><strong>A,</strong></span> <span class='ocrx_word' id='word_1_360' title='bbox 896 4194 946 4253; x_wconf 89' lang='lat' dir='ltr'><strong>scd</strong></span> <span class='ocrx_word' id='word_1_361' title='bbox 964 4195 1007 4254; x_wconf 92' lang='lat' dir='ltr'><strong>ibi</strong></span> <span class='ocrx_word' id='word_1_362' title='bbox 1024 4217 1082 4254; x_wconf 88' lang='lat' dir='ltr'><strong>non</strong></span> <span class='ocrx_word' id='word_1_363' title='bbox 1105 4197 1177 4272; x_wconf 80' lang='lat' dir='ltr'><strong>legi·</strong></span> 
     </span>
     <span class='ocr_line' id='line_1_37' title="bbox 57 4294 1177 4371; baseline 0.006 -22"><span class='ocrx_word' id='word_1_364' title='bbox 57 4297 110 4353; x_wconf 87' lang='lat' dir='ltr'><strong>tur.</strong></span> <span class='ocrx_word' id='word_1_365' title='bbox 133 4324 176 4334; x_wconf 97' lang='lat'>-</span> <span class='ocrx_word' id='word_1_366' title='bbox 202 4298 271 4356; x_wconf 88' lang='grc'><strong>156.</strong></span> <span class='ocrx_word' id='word_1_367' title='bbox 295 4309 389 4368; x_wconf 77' lang='lat' dir='ltr'><strong>smus,</strong></span> <span class='ocrx_word' id='word_1_368' title='bbox 412 4316 440 4355; x_wconf 89' lang='lat' dir='ltr'><strong>v.</strong></span> <span class='ocrx_word' id='word_1_369' title='bbox 460 4295 498 4353; x_wconf 91' lang='lat' dir='ltr'><strong>ad</strong></span> <span class='ocrx_word' id='word_1_370' title='bbox 515 4294 583 4353; x_wconf 91' lang='lat' dir='ltr'><strong>Aul.</strong></span> <span class='ocrx_word' id='word_1_371' title='bbox 606 4297 676 4354; x_wconf 83' lang='lat'><strong>563.</strong></span> <span class='ocrx_word' id='word_1_372' title='bbox 710 4295 774 4356; x_wconf 82' lang='lat' dir='ltr'><strong>Mil.</strong></span> <span class='ocrx_word' id='word_1_373' title='bbox 795 4300 868 4356; x_wconf 83' lang='lat'>140:</span> <span class='ocrx_word' id='word_1_374' title='bbox 895 4317 1003 4371; x_wconf 87' lang='lat' dir='ltr'><strong>,unum</strong></span> <span class='ocrx_word' id='word_1_375' title='bbox 1027 4299 1177 4371; x_wconf 88' lang='lat' dir='ltr'><strong>conclaue,</strong></span> 
     </span>
     <span class='ocr_line' id='line_1_38' title="bbox 56 4396 1176 4478; baseline 0.008 -26"><span class='ocrx_word' id='word_1_376' title='bbox 56 4399 233 4458; x_wconf 90' lang='lat' dir='ltr'><strong>concubinae</strong></span> <span class='ocrx_word' id='word_1_377' title='bbox 244 4397 326 4475; x_wconf 91' lang='lat' dir='ltr'><strong>quod</strong></span> <span class='ocrx_word' id='word_1_378' title='bbox 338 4396 451 4458; x_wconf 83' lang='lat' dir='ltr'><strong>dedit“.</strong></span> <span class='ocrx_word' id='word_1_379' title='bbox 480 4397 590 4457; x_wconf 89' lang='lat' dir='ltr'><strong>Pseud.</strong></span> <span class='ocrx_word' id='word_1_380' title='bbox 604 4400 675 4458; x_wconf 85' lang='grc'><strong>953.</strong></span> <span class='ocrx_word' id='word_1_381' title='bbox 699 4397 786 4459; x_wconf 90' lang='lat' dir='ltr'><strong>Truc.</strong></span> <span class='ocrx_word' id='word_1_382' title='bbox 800 4402 870 4459; x_wconf 87' lang='grc'><strong>248.</strong></span> <span class='ocrx_word' id='word_1_383' title='bbox 885 4430 928 4440; x_wconf 97' lang='grc'><strong>-</strong></span> <span class='ocrx_word' id='word_1_384' title='bbox 949 4403 1017 4460; x_wconf 90' lang='grc'><strong>157.</strong></span> <span class='ocrx_word' id='word_1_385' title='bbox 1037 4400 1129 4478; x_wconf 75' lang='lat' dir='ltr'><strong>atque</strong></span> <span class='ocrx_word' id='word_1_386' title='bbox 1140 4402 1176 4461; x_wconf 92' lang='lat' dir='ltr'><strong>A.</strong></span> 
     </span>
    </p>
   </div>
   <div class='ocr_carea' id='block_1_7' title="bbox 0 0 1481 4998">
    <p class='ocr_par' dir='ltr' id='par_1_7' title="bbox 0 0 1481 4998">
     <span class='ocr_line' id='line_1_39' title="bbox 0 0 1481 4998; baseline 0 0"><span class='ocrx_word' id='word_1_387' title='bbox 0 0 1481 4998; x_wconf 95' lang='lat' dir='ltr'><strong> </strong></span> 
     </span>
    </p>
   </div>
  </div>
 </body>
</html>
