2930 5002
61 486 107 550 lv,
126 489 153 555 7,
170 488 264 554 82-8,
282 488 299 540 h
570 486 691 543 Rudent.

514 676 736 742 Daemones

62 785 146 896 ¹¹¹¹l⁰
169 784 329 868 estquod
352 805 575 868 pernequam
600 787 708 852 seruis
731 789 862 852 numan.

58 892 144 957 Nam
167 893 236 958 illia
258 913 331 958 cum
353 913 456 957 auaro
480 893 508 958 si
531 914 594 976 quo
618 913 813 976 congressus
835 893 930 972 foret,

59 1001 101 1066 Et
122 1003 233 1086 ipsum
256 1022 329 1068 sese
353 1011 386 1067 et
408 1000 499 1066 illum
522 1001 601 1066 furti
625 1002 852 1085 adstringeret.

59 1110 142 1174 Dum
166 1110 324 1194 praedam
346 1109 470 1175 habere
494 1131 528 1174 sc
551 1117 710 1188 censeret,
734 1111 866 1176 interim

60 1218 190 1284 Praeda
211 1221 303 1303 ipsus
326 1227 430 1298 eaeet;
454 1218 579 1302 praeda
604 1217 758 1300 praedam
782 1219 927 1285 duceret.

59 1326 154 1390 Nunc
176 1324 253 1390 hinc
276 1328 363 1391 intro
387 1326 441 1391 ibo
465 1336 499 1391 et
522 1325 741 1408 sacruficabo;
766 1327 886 1410 postibi

60 1432 184 1498 Iubebo
206 1435 300 1500 nobis
323 1454 438 1499 cenam
461 1437 615 1499 continuo
638 1437 745 1518 coqui.

299 1945 624 2016 PLESIDIPPUS.
673 1947 949 2016 TRAOHALIO.

492 2137 757 2219 Plesidippus

61 2243 186 2310 Iterum
209 2244 287 2309 mihi
310 2246 413 2310 istaec
436 2247 547 2311 omnia
569 2247 664 2312 itera.
690 2248 732 2310 mi
755 2247 871 2324 anime,
897 2249 940 2311 mi
962 2247 1148 2326 Trachalio,

61 2351 103 2416 Mi
125 2353 255 2428 liberte,
279 2355 323 2417 mi
347 2359 493 2436 patrone,
516 2355 614 2419 immo
639 2358 747 2438 potius
772 2356 814 2419 mi
837 2363 948 2438 pater:

64 2459 222 2545 Repperit
244 2471 370 2544 patrem
394 2461 565 2528 Palaestra
588 2485 682 2527 auum
705 2471 805 2547 atque
829 2464 989 2528 matrem?

519 2599 729 2664 Trachalio

1023 2709 1189 2792 Repperit.

491 2814 753 2910 Plesidippus

63 2927 102 2988 Et
124 2921 296 3008 popularis
319 2924 393 2988 eat?

516 3043 729 3109 Trachalio

388 3149 505 3234 Opino.

494 3287 759 3370 Plesidippus

535 3397 578 3460 Et
603 3397 680 3460 nrihi
704 3404 848 3480 nuptura
871 3397 945 3462 est?

517 3517 738 3582 Trachalio

933 3623 1098 3707 Suspicor.
1125 3639 1190 3691 1255

495 3732 757 3816 Plesidippus

69 3831 214 3903 Censen?
237 3837 334 3903 hodie
357 3838 577 3923 despondebit
599 3861 672 3905 eam
695 3839 785 3917 mihi,
808 3840 957 3924 quaeso?

518 3976 729 4042 Trachalio

990 4082 1124 4148 Censeo.

73 4199 268 4214 -...-,,,,,,-

150 4289 217 4343 1246
235 4298 383 4358 nequaque
399 4285 428 4344 B
515 4289 662 4342 laterum
681 4288 804 4342 neruosi
890 4289 956 4342 1247
974 4287 1041 4342 forti
1127 4287 1192 4339 laea

73 4369 155 4438 adque
174 4372 197 4428 0
266 4375 332 4428 125⁶
350 4373 451 4442 opinor
520 4381 643 4440 nuptura
662 4378 704 4427 est
721 4372 791 4426 mihi
807 4370 835 4425 Β
