2930 5002
232 487 292 548 104
746 480 838 535 caue
1149 480 1188 548 11,
1208 482 1232 547 a,
1254 481 1358 534 10-24

647 667 652 676 ’
671 670 900 736 Piscatores

229 780 362 846 Nullum
384 781 471 845 istac
493 778 588 859 facie,
611 785 649 845 ut
671 779 853 864 praedicas,
876 781 1006 846 uenisse
1029 779 1092 846 huc
1114 781 1245 846 scimus.

687 934 895 1000 Trachalio

1207 1043 1360 1126 Ecquem

228 1153 409 1220 Recaluom
431 1173 470 1218 ac
494 1152 630 1218 silonem
654 1171 775 1230 senem,
799 1157 970 1230 statutum,
995 1153 1207 1230 uentrioeum
1305 1170 1361 1222 315

228 1263 338 1329 Tertia
361 1261 555 1346 superciliis
577 1267 747 1326 contracte
769 1258 887 1338 fronte,
910 1259 1164 1336 fraudulentum,

229 1371 373 1437 Deorum
397 1369 508 1436 odium
526 1375 625 1454 etque
644 1369 822 1450 hominum,
846 1369 977 1447 malum,
1000 1369 1076 1433 muli
1095 1369 1156 1433 uiti
1175 1367 1361 1452 probrique

946 1467 1087 1560 plenum,

229 1589 291 1667 Qui
315 1588 449 1653 duceret
471 1586 682 1652 mulierculas
705 1587 785 1651 duee
808 1606 920 1650 secum
943 1587 1024 1651 satie
1047 1585 1227 1650 uenustas?

673 1739 904 1805 Piscatores

229 1848 309 1915 Cum
332 1848 540 1914 istiusmodi
562 1847 746 1913 uirtutibus
770 1849 944 1932 operisque
966 1853 1065 1913 uatus
1088 1849 1144 1931 qui
1167 1849 1218 1926 eit,

227 1959 311 2024 Eum
334 1957 465 2042 quidem
489 1957 531 2022 ad
554 1955 748 2023 carnuficem
772 1963 823 2022 eet
845 1957 982 2041 aequius
1005 1954 1168 2038 quemad
1191 1954 1362 2024 Uenerem

945 2084 1125 2130 conmeare.
1304 2083 1363 2136 eae

682 2218 893 2283 Trachalio

228 2329 271 2394 Aa
293 2329 321 2394 ei
343 2327 485 2406 uidistis,
509 2327 618 2392 dicite.

672 2485 910 2551 Piscatores

685 2595 758 2659 Huc
779 2594 929 2679 profecto
952 2593 1060 2659 nullae
1083 2599 1183 2660 uenit.

228 2703 320 2770 Uale.

681 2845 868 2910 Trachali
875 2865 892 2908 a

357 2954 483 3019 Uelete.
528 2951 671 3019 Credidi.
715 2953 853 3018 Factum
876 2956 1039 3037 estquod
1060 2952 1265 3038 suspicabar:

229 3064 317 3128 Data
339 3061 442 3127 uerba
465 3083 519 3126 ero
543 3067 632 3142 sunt3
656 3062 729 3128 leno
752 3060 824 3126 abit
847 3061 1006 3128 scelestus
1029 3061 1224 3129 exsulatum.

228 3171 264 3234 In
287 3191 404 3236 nauem
427 3169 585 3250 ascendit,
608 3171 762 3237 mulieres
785 3170 911 3249 auexit3
934 3169 1058 3236 ariolus
1082 3191 1163 3235 eum.

227 3279 259 3344 Is
283 3279 455 3343 hucerum
474 3279 634 3344 etiamad
654 3280 826 3362 prandium
844 3279 988 3357 uocauit,
1013 3278 1145 3344 sceleris
1163 3299 1282 3344 semen.
1305 3299 1364 3352 825
1462 3293 1463 3326 ῑ

227 3386 322 3451 Nunc
344 3387 423 3470 quid
446 3386 526 3450 mihi
544 3386 683 3466 meliust,
708 3408 807 3469 quem
825 3385 900 3450 ilico
919 3385 973 3450 hic
991 3388 1147 3471 opperiar
1164 3407 1255 3453 erum
1275 3387 1364 3456 dum

942 3495 1076 3560 ueniat?

227 3601 361 3680 Eadem,
383 3599 465 3666 haec
488 3601 642 3667 sacerdos
665 3601 808 3668 Ueneria
831 3603 858 3665 ei
881 3600 961 3682 quid
982 3601 1066 3682 sorte
1087 3602 1227 3686 amphus
1250 3606 1332 3686 scit,

228 3709 262 3774 Si
285 3709 409 3789 uidero,
433 3710 658 3793 exquieiuer03
680 3709 780 3775 faciet
800 3730 852 3774 me
875 3711 1058 3775 certiorem.

226 3899 430 3909 ——n——-

313 4016 364 4069 ele
383 4020 412 4069 at
431 4015 551 4069 silanum
630 4017 681 4068 317
699 4015 761 4070 uitii
839 4017 890 4070 ³19
907 4015 961 4070 ciet
1033 4019 1085 4072 320
1102 4023 1133 4072 at
1211 4028 1314 4074 cacare
1336 4025 1368 4079 Β

227 4103 277 4155 322
296 4117 351 4170 quo
419 4101 470 4155 324
486 4097 615 4154 hariolus
683 4101 733 4153 326
751 4098 916 4168 NunquidO
983 4102 1081 4156 melius
1100 4103 1128 4157 B
1198 4105 1316 4173 operiar
1333 4109 1366 4163 B

227 4188 278 4242 827
296 4187 369 4240 hauc
439 4185 514 4239 torte
531 4199 581 4239 om.
