2890 5004
504 470 535 524 V.
555 473 698 526 oar-689.
1098 476 1161 536 449

31 673 138 744 petat,
167 687 204 725 nc
225 666 277 724 illo
299 671 407 742 negato
430 667 540 743 emptio
563 666 650 724 irrito
671 665 733 724 fiet.
756 694 800 746 ῥ-
822 666 893 723 668.
925 679 1049 738 ansam,
1080 685 1161 724 occe-

31 772 159 829 eionem.
182 799 225 808 —-
247 763 331 826 Abia
353 769 441 827 Both.
465 798 505 806 -
530 769 601 826 669.
625 765 731 841 islam,
754 767 884 841 Persem,
907 789 943 826 ne
966 769 1042 827 forte
1065 771 1161 827 iretue

34 873 137 932 ebeet.

123 977 196 1035 670.
220 975 334 1033 Novem
354 993 469 1032 ecenem
488 975 634 1053 incipiunt
655 976 752 1048 codd,
776 975 911 1051 quemvis
933 975 1017 1034 nulle
1040 976 1163 1035 accedat

32 1101 111 1138 noro
134 1099 277 1157 persone,
309 1097 363 1135 nec
390 1097 445 1136 noe
473 1077 504 1134 in
533 1097 565 1134 re
587 1077 712 1136 levicula
734 1077 885 1136 discedere
907 1079 1064 1153 noluimus,
1086 1098 1161 1155 prre·

31 1185 138 1242 sertim
173 1201 263 1258 quum
299 1187 427 1238 metrum
458 1203 475 1238 e
503 1183 671 1259 septenario
702 1185 732 1239 in
761 1183 909 1240 senorium
943 1186 1085 1240 mutetur.
1120 1212 1163 1220 —

34 1289 92 1344 671
120 1305 167 1360 eq.
191 1283 283 1360 Virgo
314 1289 432 1360 gratum
460 1303 524 1340 eeee
547 1283 684 1342 Toxilum
714 1305 773 1343 non
803 1286 936 1366 miretur,
968 1287 1039 1361 quio
1068 1283 1163 1344 bonue

32 1393 78 1447 vir
103 1391 156 1446 eit.
200 1387 312 1444 Eadem
336 1388 483 1444 cententio
505 1387 581 1446 Rud.
606 1389 667 1445 028
692 1393 722 1444 et
743 1387 828 1464 Gapt.
849 1389 925 1446 357:
955 1387 1059 1459 „Quod
1078 1387 1162 1446 bonie

33 1491 148 1550 benedt
169 1489 354 1563 beneficium,
378 1491 476 1564 gratie
499 1511 533 1548 eo
555 1490 679 1566 gravide
701 1495 747 1548 cet
768 1485 885 1548 bonie“.
930 1490 1072 1549 Goetziue
1094 1492 1161 1549 Act.

34 1595 116 1672 Lipe.
142 1594 185 1652 VI
206 1615 235 1672 p.
261 1595 319 1651 301
344 1592 406 1650 hoec
436 1592 473 1650 eb
496 1594 614 1668 ingenio
637 1595 760 1669 virginis
783 1594 880 1651 alieno
907 1599 1009 1671 putot,
1043 1595 1074 1653 iu
1103 1614 1162 1671 quo

34 1699 156 1772 egregie
184 1697 308 1754 fallitur.
364 1695 439 1754 Nam
474 1695 526 1752 ille
559 1696 678 1771 quidem
706 1717 743 1755 ne
776 1716 831 1773 pro
865 1697 1011 1775 mancipio
1045 1703 1161 1770 veneat,

35 1820 224 1876 summopere
246 1801 368 1873 nititur3
401 1799 452 1856 ubi
482 1799 538 1857 hoc
566 1798 711 1876 impedire
739 1819 798 1857 non
819 1801 933 1874 potuit,
967 1800 1163 1859 libentireime

35 1905 171 1962 lenonem
205 1905 236 1960 in
268 1902 403 1960 fraudem
439 1902 566 1972 inducit,
601 1921 628 1960 r.
654 1904 729 1974 604,
765 1903 824 1960 607
848 1907 970 1980 totaque
992 1903 1045 1960 illc
1066 1923 1162 1962 scena.

38 2037 72 2046 --
107 2008 181 2065 674.
209 2019 377 2080 prorsam,
408 2004 533 2076 duecte,
563 2023 591 2062 r.
620 2004 656 2061 ad
679 2004 743 2063 Mil.
770 2007 859 2064 1186.
893 2035 946 2072 -,
969 2006 1039 2063 676.
1067 2001 1164 2078 ,illae

37 2110 71 2166 ed
107 2130 156 2186 pr.
180 2114 210 2167 et
238 2114 273 2166 ut
300 2108 422 2166 videtur
451 2103 504 2164 A.“
532 2106 566 2164 R.
598 2135 634 2146 —
669 2101 759 2181 Quod
784 2108 820 2166 A.
866 2108 908 2166 of.
939 2107 1004 2167 Mil.
1028 2109 1088 2168 906
1118 2129 1161 2185 eq.

38 2243 76 2252 -
101 2215 176 2270 677.
193 2206 366 2286 protinam,
390 2212 467 2269 idem
491 2209 570 2286 quod
596 2207 769 2287 „prorsum“
790 2230 817 2268 r.
838 2210 909 2268 674.
935 2239 972 2250 --
991 2207 1164 2286 permittas

39 2315 130 2374 ...te
150 2314 251 2386 codd,
275 2314 311 2373 cf.
325 2313 398 2371 Ores.
416 2314 450 2371 B.
470 2311 505 2370 G.
525 2312 604 2387 VIII,
623 2316 689 2372 48.;
716 2332 934 2389 „conversoque
952 2333 1028 2390 equo
1044 2334 1076 2372 ee
1094 2335 1162 2390 per·

39 2421 130 2476 mittit
153 2420 184 2476 in
206 2412 410 2494 preelectum“.
456 2415 569 2474 Sisenn.
591 2416 671 2492 epud
688 2416 763 2474 Non.
784 2436 814 2494 p.
835 2417 904 2475 162.
949 2416 1047 2493 Vulgo
1065 2417 1164 2476 editur

42 2517 245 2597 ,permutee“,
274 2519 352 2596 quod
374 2519 447 2576 nihil
470 2525 530 2593 eet,
564 2519 599 2576 R.
627 2515 807 2598 „perbitce“,
831 2518 912 2595 quod
935 2519 1078 2596 pereundi
1101 2522 1161 2580 vim

39 2622 135 2696 habet,
161 2643 188 2678 v.
204 2623 242 2682 ed
254 2621 339 2680 (lure.
355 2624 425 2680 141.
448 2651 489 2661 -
513 2623 584 2682 678.
612 2616 703 2696 Quod
726 2623 754 2681 ie
776 2618 907 2698 diaaam
931 2624 985 2694 ost,
1009 2625 1029 2679 i.
1043 2644 1067 2682 e.
1081 2623 1161 2701 quod

40 2731 67 2782 te
89 2728 186 2798 decet,
209 2726 290 2802 quod
311 2731 364 2784 tuo
387 2727 506 2801 ingenio
529 2728 680 2798 convenit3
703 2726 739 2784 cf.
764 2725 800 2784 ed
823 2724 931 2804 Amph.
959 2728 1026 2784 182.

123 2832 195 2889 680.
219 2828 352 2888 Titulum
374 2830 503 2888 servavit
524 2829 557 2886 B.
577 2857 619 2868 -
639 2823 761 2888 Probae
778 2829 812 2887 A.
837 2859 878 2868 -
902 2830 973 2888 681.
999 2824 1081 2904 „eet“
1102 2829 1161 2889 del.

42 2932 124 2991 Both.
178 2930 299 2990 Duobus
329 2933 455 2990 nummis
484 2933 580 2990 minue
610 2951 698 3008 quam
728 2935 883 3008 sexaginte
913 2933 1006 2990 miuee
1040 2934 1066 2990 ei
1100 2931 1160 3006 det,

43 3036 74 3094 cf.
98 3037 159 3095 Cic.
182 3036 251 3094 Not.
275 3036 356 3094 deor.
379 3034 423 3108 H,
454 3036 507 3106 20,
539 3037 595 3093 53:
631 3034 691 3109 „lv
718 3040 748 3092 et
770 3034 827 3092 XX
854 3035 1004 3094 mensibus
1026 3055 1094 3107 eex,
1128 3040 1162 3092 ut

43 3139 155 3214 opinor,
183 3138 286 3198 diebue
308 3142 404 3197 minue
427 3137 554 3195 eundem
577 3139 688 3195 lustret
710 3135 840 3197 orbem“.
887 3137 973 3197 ovid.
996 3137 1070 3196 Met.
1093 3137 1161 3210 XII,

45 3243 115 3301 554:
154 3241 224 3316 „Bis
247 3262 298 3301 sex
320 3241 475 3300 Herculeis
498 3241 683 3313 ceciderunt,
715 3261 761 3299 me
784 3242 880 3299 minue
902 3260 978 3314 uno,
1007 3236 1160 3301 Viribue“.

43 3342 136 3403 Pleut.
160 3345 240 3404 Men.
264 3346 338 3404 933:
378 3350 538 3422 „quattuor
565 3343 658 3403 nihilo
689 3339 817 3403 miuue“.
846 3375 888 3384 -
923 3339 1008 3420 Quid
1034 3338 1162 3402 sciant?

44 3448 109 3522 quid
132 3443 258 3508 dicunt?
280 3449 353 3526 quid
375 3448 531 3524 significat,
551 3447 632 3524 quod
654 3446 714 3506 duo
736 3448 848 3506 nummi
871 3443 1100 3507 desiderentur?
1120 3477 1162 3487 -

46 3551 110 3610 682.
142 3551 214 3610 Post
235 3567 335 3610 emere
356 3552 456 3609 hiatur
478 3553 508 3608 in
531 3570 656 3623 caesuram
685 3550 772 3608 Both.
796 3551 832 3608 R.
859 3547 941 3624 ,uti“
967 3553 1159 3628 scripserunt.

45 3682 81 3692 -
100 3657 171 3713 684.
196 3649 371 3714 crumillam
394 3674 429 3712 ex
448 3657 473 3712 A
491 3653 601 3711 Ritech.
620 3682 662 3691 -
681 3654 750 3712 685.
777 3647 862 3725 Simo,
887 3654 923 3710 cf.
935 3653 974 3711 ed
991 3653 1096 3711 Bacch.
1111 3655 1160 3712 87.

46 3783 83 3796 -
104 3760 165 3817 686
190 3757 276 3817 effert
297 3757 410 3818 Nonius
433 3777 462 3833 p.
486 3757 565 3814 468:
599 3750 782 3830 „auspicari
804 3775 859 3832 pro
882 3758 1053 3832 auspicatus
1076 3751 1159 3814 eum“

47 3859 150 3920 eddone
181 3860 272 3920 Stich.
298 3861 358 3919 504
382 3860 419 3918 el.
464 3858 540 3917 Rud.
565 3861 641 3919 707:
677 3858 762 3930 „Non
792 3858 879 3916 hodie
908 3860 960 3916 ieti
988 3860 1032 3916 rei
1060 3860 1160 3935 auspi·

49 3961 142 4036 caui“;
165 3963 243 4023 unde
265 3963 313 4022 hic
336 3982 451 4040 quoque
475 3956 560 4020 laoro
582 3953 731 4033 faciundo
754 3981 809 4039 pro
827 3961 929 4020 detivo
948 3961 1161 4038 accipiendum.

49 4062 143 4143 Coepi,
166 4067 281 4144 inquit,
311 4066 427 4125 lucrum
449 4065 560 4139 fecere,
593 4070 622 4122 et
644 4067 687 4123 eic
708 4082 829 4140 pergem
852 4065 883 4122 in
906 4063 984 4124 hunc
1007 4065 1095 4122 diem.
1120 4095 1161 4104 -

51 4167 102 4225 688
125 4191 167 4247 eq.
191 4169 356 4228 Verborum
378 4167 511 4226 ordinem
534 4166 686 4225 turbatum
708 4168 845 4227 restituit
863 4167 1067 4240 Camerarine3
1091 4186 1160 4224 con·

51 4274 172 4331 sentiunt
198 4272 345 4350 principia
373 4291 511 4331 versuum
539 4273 568 4328 in
590 4271 625 4328 A.
660 4299 702 4310 —
735 4267 830 4330 Halm
850 4266 887 4330 m
908 4264 1036 4340 oollam,
1071 4293 1098 4328 v.
1124 4269 1161 4326 ad

51 4370 146 4450 Amph.
166 4375 238 4438 441.
273 4375 307 4434 R.
334 4371 438 4450 „huc“.
473 4374 515 4432 cf.
535 4394 625 4452 eupro
644 4375 714 4432 311.
738 4404 779 4414 -
803 4375 873 4433 689.
904 4367 985 4434 Uero
1008 4391 1160 4430 assensum

117 4486 145 4528 r.
924 4485 957 4540 29
