2890 5004
244 457 305 519 436
765 449 857 506 Persa.
877 497 880 504 .

243 648 350 708 Pseud.
382 649 451 707 335.
485 676 528 686 -
560 642 754 722 supersidet,
790 649 939 722 superstes
969 647 1018 706 ait.
1074 646 1181 704 Aetira
1210 646 1241 702 vi
1274 646 1375 722 posuit

244 751 357 814 Ennius
385 771 433 828 ap.
456 749 534 809 Non.
563 769 593 827 p,
621 751 695 809 170:
743 749 954 827 „Regnumqae
986 753 1119 806 nostrum
1152 753 1188 805 ut
1220 749 1378 826 sospitent.

244 847 526 933 superstitenique“.
550 881 591 892 -
615 854 685 912 337.
708 849 829 912 tendas
852 850 887 924 A,
912 870 940 910 v.
958 851 997 908 ad
1014 850 1119 929 Amph.
1135 851 1206 908 741.
1231 879 1280 890 —
1308 851 1376 906 338.
1437 873 1438 896 1

246 951 369 1017 Mirum
392 953 477 1030 qaia,
501 977 528 1014 v.
549 956 586 1014 ad
608 956 714 1032 Amph.
734 956 805 1014 743.
829 953 1024 1032 -Philippi
1047 953 1203 1030 Attalique
1226 951 1379 1029 aequslern

244 1059 336 1118 faisse
364 1058 452 1118 huius
481 1057 588 1118 fabnlae
615 1063 765 1118 sartorem
796 1063 934 1137 apparet,
970 1077 1097 1134 quorum
1120 1056 1171 1115 ille
1193 1055 1233 1113 ab
1261 1075 1292 1114 a.
1319 1055 1378 1112 221

245 1161 282 1220 ad
309 1163 377 1234 179,
400 1160 450 1219 hio
472 1159 509 1218 ab
532 1180 558 1220 a.
584 1161 642 1220 241
669 1160 706 1218 ad
733 1162 790 1219 19r
814 1161 961 1236 regnavit.
987 1189 1024 1200 -
1049 1160 1120 1218 349.
1153 1153 1225 1232 „tuu
1255 1176 1322 1215 om.
1346 1156 1379 1213 A.

245 1293 287 1305 —
316 1265 386 1324 342.
416 1259 581 1339 imperitam
603 1264 711 1322 omisso
737 1259 818 1337 „est“
844 1263 926 1323 Cam.
978 1262 1078 1322 Possis
1100 1263 1190 1320 etiam
1218 1263 1273 1335 „in
1300 1256 1378 1318 test“
1438 1315 1439 1338 ,

176 1435 179 1442 ¹
245 1367 386 1427 seribere.
426 1365 460 1426 R.
477 1367 582 1443 „opino
600 1363 945 1442 imperiumet“.-345
959 1364 1087 1424 afferunt
1098 1364 1257 1423 Charisius
1270 1383 1306 1440 p.
1325 1363 1380 1422 185

246 1475 278 1530 et
298 1469 412 1530 Nonius
435 1490 464 1546 p.
490 1469 550 1527 342
578 1474 640 1541 „est
664 1464 788 1528 melius“
814 1470 988 1528 scribentes.
1009 1497 1048 1507 -
1072 1468 1220 1528 346-47
1247 1466 1383 1526 afferunt

245 1573 353 1632 Festus
375 1592 405 1650 p.
419 1572 478 1631 294
496 1569 703 1648 „immigrans“
726 1571 866 1647 scribens,
887 1570 1041 1630 etNooias
1057 1590 1085 1647 p.
1102 1572 1180 1629 177:
1207 1569 1314 1643 „Nam
1333 1567 1382 1626 ubi

246 1676 283 1735 ad
295 1679 502 1754 paupertatem
515 1677 638 1733 accessit
656 1676 817 1750 infamiam,
836 1681 998 1752 paupertas
1011 1675 1133 1749 grauior
1145 1671 1235 1732 oett.“
1280 1665 1382 1732 stette-
1439 1685 1440 1756 1

244 1773 334 1851 atior,
357 1777 512 1850 infirmior,
535 1798 563 1834 v.
588 1776 624 1834 ad
647 1777 753 1837 Baeeh.
773 1780 843 1837 539.
871 1807 907 1818 -
934 1777 1007 1836 348.
1030 1772 1106 1835 Noa
1129 1791 1211 1848 saar,
1235 1777 1280 1834 ef.
1311 1778 1382 1834 370.
1439 1761 1440 1766 ¹

244 1881 306 1939 Nee
318 1880 459 1956 alioquin,
477 1880 583 1956 inquit,
603 1879 705 1939 odiosa
723 1900 786 1938 sum
800 1899 853 1938 nee
865 1880 944 1958 quod
956 1879 1058 1958 puella
1074 1883 1191 1957 patrem
1213 1877 1382 1936 admoneo.

245 1983 318 2042 Nam
342 1983 527 2040 inimieorum
551 2002 638 2042 eausa
661 1981 822 2041 cavendum
845 1985 906 2056 eet,
941 1983 993 2058 qui
1022 2001 1083 2040 rem
1112 1999 1169 2039 non
1193 1982 1238 2039 ita
1264 1987 1306 2040 ut
1329 1990 1382 2052 est,

244 2086 356 2144 sed·nt
376 2084 472 2143 videri
495 2089 604 2162 potest,
629 2105 751 2144 narrare
773 2086 877 2145 solent.
898 2115 934 2126 —
958 2087 1027 2144 350.
1051 2083 1088 2142 at
1107 2083 1182 2144 nata
1204 2083 1257 2143 est
1281 2087 1323 2156 Δ,
1347 2083 1383 2140 ci.

245 2209 306 2246 rem
330 2192 446 2259 natam,
481 2187 518 2246 ad
546 2188 651 2247 Baooh.
677 2190 748 2248 215.
782 2219 824 2228 -
856 2182 980 2262 seruat3
1013 2187 1103 2264 vulgo
1131 2186 1242 2246 dieitur
1283 2188 1384 2258 „fama
1440 2185 1441 2192 ’

245 2287 335 2363 fsrt“,
359 2290 407 2349 hie
429 2291 536 2349 famam
557 2293 667 2363 ferunt,
693 2291 729 2349 of.
754 2290 836 2349 Trin.
864 2291 932 2350 187.
950 2318 992 2331 -
1017 2291 1087 2348 352.
1111 2288 1234 2348 Numeri
1263 2289 1383 2348 olandi-

246 2398 330 2465 aant,
364 2393 421 2451 nisi
454 2391 637 2468 „inimicias“
669 2394 861 2472 pronunties,
896 2413 922 2452 r.
947 2392 1063 2467 Proleg.
1085 2412 1116 2470 p.
1140 2393 1212 2451 211.
1276 2391 1383 2451 Gniet

249 2491 340 2570 „ago“
366 2494 499 2568 delebat,
528 2495 617 2555 Both.
642 2495 675 2556 R.
703 2497 815 2569 „omnis
837 2491 1026 2555 inimicitiaa“
1052 2493 1199 2566 scribant,
1230 2492 1382 2570 Spengel.

245 2598 342 2657 Plaut.
366 2618 395 2674 p.
420 2600 457 2656 31
486 2595 667 2670 ‚,inimioos“.
697 2627 740 2638 —
768 2599 909 2658 aesiamo
931 2597 1069 2672 Pylades.
1122 2597 1182 2655 Hoc
1206 2597 1238 2654 in
1265 2595 1300 2653 A
1325 2598 1385 2672 legi

246 2702 361 2761 notavit
383 2699 427 2772 R,
451 2705 541 2777 negat
564 2701 657 2778 Gepp.
682 2701 767 2760 stud.
791 2701 820 2760 II
842 2723 871 2780 p.
897 2705 925 2761 2.
949 2731 990 2740 -
1015 2702 1085 2758 358.
1112 2713 1176 2758 meo
1199 2694 1324 2772 moda,
1357 2722 1383 2759 r.

246 2805 284 2863 ad
311 2803 391 2862 Men.
423 2804 493 2861 248.
535 2803 613 2862 infra
643 2805 712 2862 373.
748 2833 789 2844 -
824 2806 894 2864 359.
930 2798 1004 2862 Fiat
1031 2823 1096 2862 cum
1126 2801 1385 2862 antecedentibus

245 2908 329 2966 iunxi
355 2907 465 2965 omisso
491 2903 572 2980 „ut“‚
596 2926 623 2964 v.
648 2905 685 2964 ad
707 2906 826 2966 Trucal.
848 2909 923 2979 7323
957 2907 1124 2985 superiores
1146 2911 1383 2982 separaverant,

245 3010 328 3088 quasi
351 3010 499 3087 precantis
521 3013 598 3068 esset
623 3008 762 3082 „Utinam
781 3004 871 3081 fiat“;
894 3008 945 3068 sed
969 3029 985 3066 a
1008 3009 1146 3085 precibus
1168 3012 1259 3084 pater
1289 3009 1383 3086 longa¹

245 3116 376 3173 remotas
399 3115 452 3171 est.
502 3106 586 3187 eraa
609 3105 754 3171 lineares
776 3106 876 3171 aunt?
896 3113 1079 3188 indignantis
1097 3111 1307 3184 interrogatio
1329 3121 1383 3182 est,

246 3236 275 3275 v.
299 3216 337 3274 ad
367 3216 448 3274 Asin.
473 3216 544 3273 474.
600 3214 714 3274 Ritsoh.
744 3214 850 3291 Opuso.
881 3215 926 3273 III
953 3235 982 3292 p.
1010 3216 1084 3274 129:
1127 3212 1195 3288 „Ut
1226 3212 1276 3271 Ne
1313 3213 1383 3275 fiat!

246 3317 302 3378 SA.
333 3318 415 3390 Quae
437 3313 527 3377 res?“
558 3347 599 3358 -
629 3319 698 3377 361.
735 3312 875 3377 Tametsi
900 3317 1006 3392 Batia,
1039 3316 1074 3376 R.
1099 3337 1135 3374 ex
1162 3317 1384 3376 incertisaimis

246 3421 431 3497 vestigiisd:
460 3419 588 3493 „Tamen
610 3422 635 3479 ai
659 3419 784 3479 daturus
807 3440 865 3479 non
888 3414 963 3480 est“.
982 3449 1024 3461 -
1044 3420 1114 3478 362.
1141 3413 1264 3477 {unicas
1292 3421 1385 3480 binas

246 3524 421 3601 gestabant,
456 3543 484 3582 v.
513 3523 550 3582 ad
574 3523 679 3600 Amph.
711 3525 781 3584 364.
816 3553 857 3564 —
892 3524 953 3582 364
984 3543 1027 3600 sq.
1061 3521 1142 3580 Fieri
1172 3539 1230 3579 non
1258 3529 1384 3599 potest,

247 3627 353 3704 inquit,
378 3626 449 3703 quin
467 3626 544 3684 mala
562 3627 601 3686 ait
617 3626 710 3703 virgo,
730 3644 796 3704 qua
814 3630 886 3685 cett.
930 3621 1009 3702 quin
1022 3673 1028 3684 .
1043 3673 1049 3685 .
1064 3671 1070 3684 .
1084 3639 1170 3703 quae,
1193 3624 1231 3684 cf.
1245 3626 1319 3688 366
1341 3649 1385 3706 sq.

247 3728 314 3787 Ter.
340 3728 447 3786 Heaut.
472 3730 532 3787 805
556 3750 600 3806 sq.
624 3748 691 3788 ann.
715 3729 752 3788 ad
773 3728 878 3807 Amph.
901 3730 971 3788 154.
997 3759 1033 3770 ·-
1053 3728 1319 3805 praeterquam,
1347 3735 1385 3792 ci.

229 3830 338 3889 'Mera¹
364 3831 414 3889 94.
455 3829 522 3890 Ter.
547 3831 650 3892 Heaut.
677 3834 715 3891 59
740 3852 800 3908 sq.:
843 3831 934 3906 „mihi
963 3831 1066 3890 uidere
1093 3835 1213 3910 praeter
1241 3839 1384 3896 aetatem

247 3939 329 3992 tuam
353 3933 462 3992 Facere
491 3940 521 3993 et
546 3941 667 4011 praeter
695 3955 782 4012 quarn
805 3953 852 3993 res
874 3939 905 3993 te
928 3932 1104 3992 adhortatur
1126 3929 1206 3992 taa“.
1230 3963 1275 3972 -
1305 3938 1384 3998 368.

249 4028 340 4095 Malo
358 4049 477 4109 cauere,
501 4038 536 4096 ci.
550 4037 586 4096 ad
600 4037 702 4096 Bacch.
720 4038 788 4096 145.
819 4037 898 4097 Men.
921 4039 989 4096 123.
1034 4037 1108 4096 Tum
1130 4039 1229 4112 virgo:
1256 4038 1386 4112 „Immo

249 4158 352 4198 cavere
383 4141 468 4218 oapio
496 4159 532 4197 ne
560 4140 631 4218 quid
660 4141 716 4199 tibi
744 4142 861 4200 eveniat
881 4135 981 4200 mali“.
1038 4139 1092 4199 Cui
1114 4141 1234 4200 Saturio
1257 4143 1310 4202 ita
1335 4165 1386 4204 rs·

248 4242 390 4319 spondet,
426 4243 510 4318 qnasi
539 4243 652 4302 homini
680 4243 757 4302 malo
785 4263 817 4302 se
845 4261 948 4302 cavere
976 4243 1053 4302 velle
1075 4242 1207 4303 dixisset.
1231 4273 1275 4284 -
1304 4249 1382 4307 371.

252 4339 369 4406 Uerrem
392 4345 438 4404 ed.
462 4366 508 4423 pr.
532 4375 574 4386 -
598 4347 668 4406 372.
693 4339 791 4406 Dicat
813 4341 897 4424 qaod
918 4343 1051 4423 quiaque
1072 4340 1152 4418 uolt,
1177 4347 1213 4407 ef.
1236 4347 1383 4428 Madvig.
