2920 4998
506 497 694 552 Τιὶιιιιιιιιιιιιι.
1098 502 1165 562 563.

127 691 323 750 Personarum
353 697 451 750 tamen
475 691 706 772 colloquentium
728 691 836 749 indicia
858 711 911 767 per
934 691 1008 749 hanc
1029 692 1159 750 fabulam

40 813 118 870 saepo
142 796 320 866 coniectura,
347 793 399 852 sed
421 794 593 870 plerumque
617 794 736 850 minime
759 793 886 864 difficili,
918 793 1057 869 suppleta
1080 799 1157 866 runt,

40 916 106 954 nam
139 917 228 973 quum
256 899 286 955 in
308 899 335 955 A
357 896 430 955 etc
458 903 574 981 tantum
602 898 700 973 spatia
728 896 831 958 relicta
860 898 1064 968 inveniantur,
1095 897 1119 954 B
1143 917 1159 954 a

40 1019 66 1057 ι.
93 1001 154 1058 278
184 1001 222 1058 ad
252 1002 311 1058 333
341 1005 370 1058 et
398 1021 414 1056 a
443 1001 503 1058 402
532 999 569 1056 ad
597 998 684 1057 finem
711 998 817 1057 fabulae
846 1004 931 1058 notes
964 1018 1157 1075 personarum

40 1101 140 1158 habet.
184 1101 236 1159 Eae
253 1101 362 1160 Graeca
385 1104 491 1160 litterae
514 1102 635 1160 fuorunt
658 1103 693 1160 ad
717 1121 780 1160 enm
805 1103 865 1160 lere
888 1101 1022 1160 ordinem
1045 1122 1156 1162 accom-

40 1203 180 1276 modatas,
210 1225 269 1282 quo
298 1225 431 1282 personae
459 1207 489 1262 in
517 1224 633 1262 scenam
668 1211 789 1278 exeunt,
822 1210 857 1263 ut
885 1205 1013 1264 vidimus
1041 1205 1157 1282 Proleg.

40 1327 67 1382 p.
96 1309 154 1364 158
179 1313 209 1364 et
237 1307 273 1365 ad
298 1307 418 1366 Poenul.
442 1328 471 1385 p.
497 1309 567 1366 294.
623 1307 681 1366 Sed
709 1327 759 1365 eas
786 1306 925 1367 librarius
955 1311 1014 1366 'non
1042 1327 1159 1386 semper

40 1411 109 1466 satis
122 1414 258 1468 accurato
269 1410 417 1481 reddidit;
441 1412 565 1468 maxims
583 1413 613 1467 in
632 1415 766 1467 extrema
781 1410 889 1468 fabulae
905 1429 992 1468 ecana
1008 1409 1158 1468 interdum

41 1519 125 1572 notas
149 1513 297 1583 confudit,
327 1515 452 1572 maximo
475 1533 539 1589 quae
562 1514 717 1572 simillimae
739 1517 822 1585 sunt,
853 1525 879 1570 A
900 1517 930 1570 et
946 1521 983 1586 ’Δ,
1008 1515 1091 1572 cuins
1113 1517 1157 1570 roi

40 1620 186 1675 rationem
209 1636 311 1691 parum
340 1615 522 1692 probabilem
550 1617 686 1692 quesivit
709 1611 765 1673 11.1
786 1615 869 1691 praef.
893 1637 921 1693 p.
946 1615 1006 1680 LV.
1063 1617 1158 1692 Igitur

41 1729 63 1774 Α
85 1719 286 1795 Megaronidie
316 1723 386 1778 nota
401 1723 460 1800 'ost
489 1739 514 1776 v.
541 1721 601 1776 730
629 1738 710 1795 sqq.‚
744 1729 770 1774 B
792 1718 919 1777 Calliclis
948 1738 975 1776 ι.
1001 1720 1061 1776 630
1091 1738 1154 1795 sqq.

40 1820 179 1896 Lysitelie
201 1827 272 1880 nota
294 1831 319 1877 Γ
338 1841 400 1881 esse
424 1821 563 1893 debebat,
593 1822 730 1880 sedeam
753 1823 892 1880 librarius
915 1823 1061 1899 corrupit;
1091 1823 1155 1899 plo·

41 1942 163 2000 rumque
187 1926 356 2000 ascripsit,
380 1929 496 1982 tantum
519 1925 576 1982 331
597 1924 773 1982 (11111411.
823 1932 847 1980 A
869 1923 1023 1996 Philtonis,
1046 1923 1156 1982 Glaes-

43 2025 137 2085 bonici
160 2035 232 2085 nota
255 2031 300 2084 est
321 2046 347 2083 v.
366 2027 427 2085 402
446 2047 511 2104 sqq.
556 2027 674 2086 Stasimi
697 2033 768 2086 note
790 2037 818 2083 K
840 2033 894 2098 est,
918 2029 936 2083 i.
956 2048 982 2085 e.
1003 2038 1039 2100 H,
1063 2026 1155 2085 (lher-

43 2128 125 2187 midae
150 2137 173 2186 θ
194 2149 221 2187 ι.
242 2133 301 2190 851
326 2149 405 2206 sqq.‚
429 2129 623 2206 Sycophanta
640 2140 667 2186 Χ
688 2149 715 2187 ι.
741 2132 802 2189 842
822 2149 885 2207 sqq.
937 2131 1033 2208 Supra
1055 2151 1156 2190 scenas

41 2230 204 2290 uncialibus
236 2233 346 2290 litteris
384 2233 514 2290 miniatis
552 2233 755 2292 scribebantur
794 2253 985 2310 personarum
1027 2236 1155 2294 uomina.

42 2331 109 2401 Qum
132 2337 269 2410 quoniam
292 2341 360 2412 post
381 2336 477 2412 ipsum
501 2341 670 2394 contextum
687 2341 887 2413 perscriptum
906 2338 1042 2395 addenda
1061 2342 1153 2408 erant,

42 2434 176 2496 librarius
205 2421 314 2496 codicis
336 2438 377 2509 B,
411 2457 448 2496 ne
477 2437 629 2495 dubitaret
657 2439 824 2497 rubricator
853 2439 960 2516 quibus
989 2439 1162 2499 nominibus·

42 2538 141 2596 relicta
163 2544 259 2618 spatie
282 2541 428 2619 expleret,
464 2547 594 2598 extremo
618 2539 817 2599 antecedentis
845 2561 937 2600 soene
966 2544 1066 2600 versui
1087 2562 1155 2620 por·

43 2658 178 2700 sonarum
201 2645 319 2702 uomina
336 2643 444 2702 addere
462 2643 579 2702 solebat
594 2643 765 2720 vulgaribus
784 2643 895 2702 littoris
918 2647 1038 2721 scripta.
1084 2645 1155 2715 Quo

44 2763 128 2836 quum
151 2746 325 2824 plerumque
347 2747 457 2805 unciali
485 2748 632 2823 scriptura
660 2751 849 2825 repetantur,
880 2747 1027 2805 interdum
1056 2753 1155 2806 tamen

19 2833 20 2840 ¹
44 2845 85 2905 his
101 2851 215 2908 omissis
230 2851 360 2908 miniatae
379 2851 482 2908 littere
498 2856 615 2907 tentum
631 2849 797 2926 generalem
815 2851 1024 2908 indicationem
1036 2849 1154 2922 habent,

45 2949 304 3026 ADULESCENS,
329 2951 460 3026 SENES,
483 2953 532 3024 el.‚
554 2973 581 3010 v.
610 2954 698 3010 1114.
727 2954 816 3010 1124.

125 3053 292 3132 Separatim
326 3055 401 3114 hanc
434 3054 564 3113 fabulam
592 3055 676 3112 multi
706 3055 876 3128 ediderunt,
912 3055 994 3114 velut
1021 3055 1057 3113 G.
1081 3055 1155 3113 Hor·

46 3174 165 3214 mannus
190 3154 316 3234 (1800),
350 3157 488 3217 (1ὂ11ιιιιι
518 3155 644 3230 (1824),
675 3157 894 3216 Lindemannns
919 3151 1044 3233 (1830),
1081 3157 1157 3232 Gop-

45 3253 143 3332 pertrfi
166 3254 224 3333 (ed.
248 3261 298 3319 alt.
326 3258 428 3336 1854),
453 3260 617 3334 Wagnorus
640 3253 827 3335 (Cambridge
853 3255 953 3336 1872),
984 3259 1159 3338 Speugsliue

47 3353 160 3438 (1875),
182 3363 299 3424 Brixins
322 3361 380 3437 (od.
404 3369 472 3422 tert.
499 3361 592 3436 1878)
616 3383 681 3422 oum
704 3367 915 3423 commentario
938 3365 1060 3440 optimo.

475 3621 733 3690 Argumentum

49 3743 246 3800 acrostichum.
295 3747 320 3802 1.
358 3734 587 3814 illecebrarum,
622 3761 649 3800 ι.
684 3743 732 3800 18.
768 3770 807 3780 -
841 3740 948 3798 Hiatus
978 3743 1009 3798 in
1039 3759 1159 3798 cessura.

49 3841 140 3903 Loew.
153 3845 238 3904 Auel.
259 3844 356 3904 Plant.
377 3865 406 3922 p.
428 3847 485 3902 195
509 3839 665 3916 „abstans“
692 3845 763 3902 ooni.
811 3843 844 3901 R.
861 3843 953 3914 „clam
971 3835 1158 3922 apstrusum“

50 3948 209 4026 scripserat.
223 3979 263 3988 -
282 3953 310 4008 4.
335 3948 373 4021 et,
392 3950 412 4006 i.
426 3969 450 4007 e.
470 3943 574 4005 etiams
590 3976 629 3984 —
654 3949 682 4004 5.
699 3941 854 4020 poscitur,
877 3948 908 4005 in
930 3946 1160 4003 matrimonium.

50 4076 87 4088 -
109 4053 136 4110 7.
160 4065 192 4110 se
214 4049 294 4110 Cam.
319 4081 359 4091 -
384 4053 411 4109 9.
435 4042 555 4109 nubunt
577 4040 668 4108 liberi
693 4049 785 4107 Valla.
832 4049 908 4107 Non.
927 4068 955 4125 p.
979 4049 1054 4108 143:
1082 4047 1160 4122 „Nu-

51 4150 114 4211 bere
136 4159 249 4213 veteres
272 4174 331 4213 non
354 4155 448 4212 solum
471 4151 625 4225 mulieres,
655 4151 707 4209 sed
735 4152 826 4209 otiam
848 4154 927 4210 viros
951 4151 1100 4222 dicebaut,
1129 4156 1164 4209 nt

52 4273 120 4314 nuno
137 4255 205 4314 Itali
223 4255 333 4317 dicunt.
368 4255 563 4332 Pomponius:
587 4254 696 4331 Nupsit
713 4255 862 4330 posteriue
880 4255 1009 4327 dotatae,
1033 4253 1161 4323 notulae,

53 4359 203 4434 uarioosas,
226 4355 358 4418 nefrao“.

502 4455 704 4464 .—-...-—-
