2930 5002
770 481 862 539 Plauti

702 675 922 741 Daemones

1015 780 1111 845 Tace.

249 892 299 957 Tu
322 893 350 959 si
375 893 455 977 quid
478 913 561 977 opus
585 897 636 959 est
659 890 739 970 dice.

684 1043 946 1124 Plesidippus

783 1152 844 1217 Dic
866 1151 955 1236 quod
976 1157 1010 1218 te
1032 1171 1128 1233 rogo:

252 1262 395 1348 Ecquem
417 1269 454 1328 tu
476 1261 531 1327 hic
553 1260 716 1328 homiuem
740 1262 894 1344 crispum,
917 1263 1069 1326 incanum
1091 1257 1224 1334 uideris,
1318 1267 1357 1322 125

252 1370 385 1450 Malum,
408 1373 587 1456 periurum,
610 1369 840 1455 palpatorem?

702 1524 925 1590 Daemones

868 1631 1046 1720 Plurimoe;

253 1743 337 1808 Nem
360 1764 419 1827 ego
443 1751 579 1827 propter
601 1742 761 1809 eiusmodi
784 1744 873 1807 uiros
895 1743 973 1808 uiuo
995 1743 1105 1808 miser.

354 1970 357 1976 ,
685 1896 948 1977 Plesidippus

255 2005 316 2070 Hic
339 2005 422 2084 dico,
446 2006 478 2070 iu
502 2005 612 2070 funum
637 2003 774 2070 Ueneris
797 2007 853 2087 qui
876 2005 1086 2070 mulierculas

256 2116 345 2179 Duas
370 2134 478 2179 secum
503 2112 641 2178 adduxit
664 2115 785 2197 quique
809 2113 989 2179 adornaret
1010 2112 1073 2178 sibi

255 2223 299 2288 Ut
323 2244 389 2287 rem
412 2222 559 2288 diuinam
581 2221 694 2302 faciet,
715 2229 772 2286 eut
795 2221 892 2286 hodie
915 2230 973 2286 sut
996 2221 1076 2286 heri.
1326 2231 1366 2284 leo

707 2374 927 2440 Daemones

257 2485 330 2551 Nou
353 2484 470 2564 hercle,
495 2483 698 2562 adulescens,
721 2483 786 2547 iem
808 2482 868 2548 hos
891 2483 962 2549 dies
986 2482 1218 2567 conplusculcs

257 2593 461 2676 Quemquam
483 2592 560 2656 istic
582 2590 650 2655 uidi
674 2590 886 2672 sacruficem
909 2612 1017 2675 neque
1040 2597 1153 2674 potest

257 2699 351 2766 Clam
375 2720 425 2764 me
448 2719 529 2776 esse,
555 2700 581 2763 si
606 2699 662 2781 qui
685 2697 867 2764 sacruficai.
914 2698 1050 2783 Semper
1072 2704 1192 2783 petunt

257 2809 383 2890 Aquom
406 2807 483 2872 hino
505 2814 564 2870 cut
585 2808 691 2889 iguem
715 2813 774 2870 uut
796 2808 931 2871 uasculs
954 2813 1013 2871 aui
1035 2807 1176 2872 cultrum
1200 2812 1258 2870 cut
1278 2823 1349 2869 ueru

1439 1079 1445 1218 1

259 2918 323 2982 Aut
346 2915 454 2981 aulum
480 2919 624 2979 exuerem
648 2921 705 2979 eut
728 2914 868 2996 aliquid3
892 2916 969 3000 quid
993 2914 1104 2980 uerbis
1127 2914 1248 2998 opusc?
1327 2923 1369 2979 lou
1449 2933 1450 2946 ¹

260 3024 380 3090 Ueneri
403 3023 518 3107 paraui
542 3043 626 3088 usse
647 3029 681 3088 et
703 3031 846 3104 puteum,
868 3045 934 3089 nou
956 3023 1046 3089 mihi.

259 3131 354 3197 Nunc
374 3130 587 3196 interusllum
610 3133 674 3196 iem
696 3128 757 3196 hos
780 3130 850 3196 dies
872 3131 991 3196 multos
1013 3131 1085 3196 fuit.

283 3367 285 3370 Ι
687 3281 947 3364 Plesidippus

260 3391 306 3458 U'c
328 3392 431 3458 uerbo
452 3389 635 3473 praehibes‚
658 3411 709 3456 me
733 3393 855 3474 perisse
878 3391 1060 3475 praedices.

650 3549 655 3559 '
713 3543 932 3608 Daemones

263 3653 337 3717 Men
359 3653 492 3734 quidem
515 3651 623 3716 hercle
646 3669 747 3714 causo
769 3651 878 3717 saluos
901 3654 945 3718 sis
967 3652 1056 3718 licet.

713 3821 927 3899 Sceparnio

263 3925 351 3996 Heus
374 3935 420 4006 tu,
443 3930 498 4011 qui
522 3927 598 3992 fana
621 3929 743 3993 uentris
767 3947 868 3995 causa
890 3930 1049 4012 circumis,

265 4035 381 4100 Iubere
406 4035 540 4099 meliust
563 4035 734 4117 prandium
759 4038 869 4101 ornari
892 4036 988 4102 domi.

353 4273 402 4325 129
420 4271 571 4324 adornaret
642 4271 689 4324 len
707 4269 882 4327 sacruificcro
900 4273 928 4328 B
1005 4277 1054 4330 135
1072 4277 1187 4334 miluo
1255 4272 1385 4334 exures

268 4355 316 4409 138
334 4355 450 4423 periisse
521 4355 570 4407 189
588 4353 661 4408 ercle
733 4359 777 4409 141
797 4355 936 4414 lubereO
1004 4361 1105 4418 melius
1125 4370 1171 4418 est
