2930 5002
285 476 345 536 122
795 468 886 523 Plauti
1145 471 1379 540 111,1,1e-a,1e
1436 326 1445 817 Ι

284 661 412 740 Rogare
436 660 543 726 scalas
566 668 603 724 ut
625 660 736 726 darem
758 658 898 724 utendas
923 659 995 724 sibi.

282 768 352 851 Ego
375 769 417 834 ad
440 767 502 834 hoc
525 766 706 852 exemplum
731 768 844 832 simiae
867 769 1061 850 respondeo,

282 875 387 943 Natas
410 899 448 942 ex
471 875 654 982 Philomela
677 883 775 959 atque
798 897 837 940 ex
860 875 988 959 Progne
1012 897 1083 944 esse
1106 880 1303 946 hirundines.

283 985 352 1068 Ago
375 1006 448 1050 cum
472 984 538 1062 illa,
561 1005 600 1048 ne
624 985 703 1068 quid
726 990 843 1050 noceat
865 986 946 1049 meis
969 987 1195 1070 popularibus.

282 1093 392 1178 Atque
412 1093 472 1159 illa
493 1094 593 1159 nimio
615 1087 680 1158 iam
703 1091 774 1157 fieri
796 1092 951 1174 ferocior3
1342 1113 1380 1166 sos

284 1202 423 1268 Uidetur
445 1202 532 1268 ultro
555 1201 634 1268 mihi
659 1201 780 1266 malum
803 1201 995 1266 minitarier.

282 1311 319 1375 ln
343 1311 394 1376 ius
417 1317 517 1376 uocat
540 1331 599 1375 me.
643 1307 693 1373 Ibi
718 1329 777 1392 ego
800 1309 911 1376 nescio
935 1331 1000 1394 quo
1023 1312 1120 1378 modo
1441 1259 1447 1396 l

282 1419 390 1485 Iratus
412 1419 527 1485 uideor
551 1418 692 1482 mediam
715 1419 861 1501 arripere
884 1419 1026 1500 simiam;

282 1526 448 1593 Concludo
471 1529 503 1592 in
527 1527 635 1591 uincla
657 1526 794 1591 bestiam
816 1527 1068 1612 nequissumam.

281 1635 375 1700 Nunc
398 1657 496 1720 quam
520 1635 560 1699 ad
584 1655 652 1699 rem
676 1634 781 1700 dicam
803 1635 866 1700 hoo
888 1637 1028 1703 attinere
1052 1641 1221 1717 somnium,

281 1744 466 1829 Numquam
488 1743 585 1808 hodie
609 1744 700 1826 quini
724 1743 766 1807 ad
789 1747 1013 1811 coniecturam
1037 1748 1187 1814 euadere.

283 1852 347 1919 Sed
369 1853 447 1937 quid
472 1853 524 1916 hic
546 1854 581 1917 in
604 1850 740 1916 Ueneris
764 1851 839 1918 fano
863 1875 954 1918 meae
978 1855 1117 1921 uiciniae

283 1959 442 2027 Clamoris
466 1961 593 2028 oritur?
616 1961 744 2025 animus
768 1961 904 2026 miratur
926 1983 1027 2028 meus.

547 2251 822 2318 TRAOHALIO.
868 2252 1145 2321 DAEMONES.

737 2423 945 2490 Trachalio

281 2537 344 2602 Pro
367 2532 567 2619 Cyrenenses
591 2531 775 2616 populares,
798 2540 941 2599 nostram
967 2554 1027 2617 ego
1049 2534 1177 2618 inploro
1201 2535 1303 2613 fidem,

280 2643 459 2726 Agricolae,
483 2640 617 2707 adcolae
641 2641 814 2724 propinqui
838 2643 893 2725 qui
917 2644 997 2708 estis
1020 2643 1071 2708 his
1093 2643 1290 2727 regionibus,
1340 2657 1382 2712 005
1447 2627 1448 2658 ³

279 2752 377 2816 Ferte
394 2772 488 2835 opem
505 2751 635 2834 inopiae
653 2756 753 2833 atque
772 2750 956 2834 exemplum
971 2773 1160 2835 pessumum
1172 2774 1299 2835 pessum
1310 2751 1380 2816 date.

281 2860 464 2934 Uindicate,
487 2879 527 2923 ne
549 2859 711 2942 inpiorum
733 2860 844 2941 potior
866 2859 909 2924 sit
932 2859 1091 2942 pollentia

278 2970 384 3047 Quam
405 2969 623 3046 innocentum,
646 2967 702 3048 qui
725 2987 759 3032 se
783 2967 903 3032 scelere
926 2966 996 3034 fieri
1020 2969 1136 3034 nolunt
1158 2969 1285 3033 nobilis.

278 3077 422 3144 Statuite
445 3076 630 3159 exemplum
650 3074 831 3159 inpudenti,
854 3076 932 3141 date
955 3077 1072 3161 pudori
1095 3079 1290 3161 praemium3

278 3185 390 3251 Facite
412 3186 467 3250 hic
487 3184 560 3265 lege
581 3186 694 3267 potius
717 3183 816 3249 liceat
838 3206 936 3269 quam
959 3187 993 3250 ui
1015 3186 1103 3250 uicto
1126 3185 1257 3265 uiuere;
1341 3197 1382 3251 610
1447 3163 1448 3240 l

279 3291 408 3359 Currite
425 3293 490 3358 huc
506 3293 540 3357 in
553 3291 688 3358 Ueneris
706 3291 829 3371 fanum,
851 3300 998 3358 nostram
1017 3293 1138 3359 iterum
1149 3292 1277 3378 inploro
1289 3291 1380 3358 fidem.

280 3400 343 3480 Qui
365 3423 465 3486 prope
487 3401 541 3466 hic
564 3401 687 3466 adestis
710 3403 833 3485 quique
856 3400 978 3466 auditis
1002 3401 1179 3468 clamorem
1203 3423 1314 3467 meum.

279 3511 376 3577 Ferte
399 3510 568 3594 suppetias
591 3510 647 3592 qni
670 3507 790 3574 Ueneri
815 3509 1039 3593 Ueneriaeque
1063 3511 1233 3576 antistitae

278 3619 370 3684 More
393 3619 530 3703 antiquo
552 3619 584 3683 in
609 3618 812 3684 custodelam
835 3638 931 3682 suum
954 3618 1177 3684 conmiserunt
1199 3624 1304 3703 caput.
1340 3629 1381 3684 611

278 3728 517 3811 Praetorquete
539 3727 679 3791 iniuriae
702 3726 793 3809 prius
817 3722 937 3791 collum
961 3745 1061 3808 quam
1084 3725 1126 3790 ad
1149 3747 1209 3792 uos
1231 3727 1381 3810 peruenat.

729 3845 950 3910 Daemones

280 3953 367 4033 Quid
390 3956 475 4020 istuc
498 3961 548 4020 est
571 3955 703 4035 negoti?

363 4193 414 4246 594
433 4192 529 4259 nequit
546 4190 574 4245 Β
651 4193 702 4246 696
719 4192 812 4246 animo
890 4194 942 4246 600
959 4191 1107 4262 Nunquam
1192 4195 1239 4245 601
1262 4201 1289 4246 at
1305 4188 1379 4244 colec·
1446 4255 1447 4274 Χ

279 4285 370 4334 turam
389 4277 417 4331 B
481 4279 532 4332 602
549 4275 641 4332 sanem
661 4277 695 4344 B,
714 4277 779 4331 lano
799 4277 831 4346 03
852 4285 942 4334 cetera
958 4278 1065 4333 &aaut
1131 4279 1182 4332 606
1201 4279 1294 4342 mirat3
1311 4281 1382 4330 orma

278 4364 384 4422 deam.
456 4365 507 4418 614
525 4363 678 4418 custodiam
748 4365 800 4416 616
817 4364 964 4431 perueniat
