2920 4998
275 456 335 516 518
498 532 499 535 Ἴ
768 447 887 503 Stichus.

273 651 394 705 anctore
421 645 459 704 cd
480 648 571 710 Ἁλιεῖς
599 644 764 716 referebat,
798 643 850 700 sed
878 643 1149 710 recteKSchoellim
1183 643 1394 702 animadvertit

259 749 345 807 ¹tolie
372 748 572 825 Epignomum
605 747 703 805 dicere
730 749 862 825 potuisse
889 745 981 805 Stich.
1011 747 1072 805 403
1103 767 1167 824 sqq.
1216 745 1303 814 Alia,
1333 765 1393 822 qun

273 852 357 929 qussi
374 871 410 910 ex
428 851 571 929 Adelphis
589 849 748 909 Menandri
764 848 937 923 afferuntur,
961 849 992 909 in
1008 847 1142 908 Terentii
1156 847 1259 908 isbuln
1279 848 1391 908 nullum

94 994 100 1008 .
215 1019 218 1026 Δ
272 956 368 1013 locum
391 955 532 1027 invenire,
556 973 621 1012 cum
638 953 777 1012 Plautina
798 953 891 1029 magis
914 954 1070 1012 convenire
1087 954 1204 1012 censuit
1219 951 1389 1012 Schoellins.

273 1056 358 1129 Quod
380 1058 458 1115 enim
481 1055 615 1114 Stobaeus
636 1054 673 1129 X,
699 1056 738 1113 24
760 1054 866 1113 hebet:

716 1157 815 1234 Ἔργον
838 1159 922 1232 εὑρεῖν
945 1163 1061 1234 συγγενῆ

477 1263 587 1330 πένητὸς
610 1266 687 1316 ἐστιν.
710 1261 770 1317 οὐδὲ
793 1254 830 1325 εἰς
852 1243 905 1336 γὰρ
928 1261 1055 1338 ὁμολογεῖ

477 1364 548 1436 αὐτῷ
569 1365 714 1438 προσήκειν
736 1365 781 1419 τὸν
803 1365 933 1437 βοηθείας
955 1366 1025 1428 τινὸς

476 1467 606 1538 δεόμενον·
630 1465 769 1522 αἰτεῖσθαι
791 1468 845 1544 γὰρ
867 1469 922 1540 ἅμα
945 1490 969 1522 τι
993 1468 1141 1542 προσδοκᾷ,

272 1569 383 1629 talibus
410 1569 510 1628 verbIs
538 1587 657 1627 cansam
686 1563 935 1645 peregrinationis
962 1573 1090 1628 trctrnm
1119 1573 1227 1647 exponi
1251 1575 1384 1647 potuisse.

273 1671 373 1732 Minus
390 1671 669 1731 verisimilitudinis
687 1669 784 1745 hebet,
807 1671 886 1749 quod
904 1673 940 1730 fr.
957 1671 1038 1732 Stob.
1050 1671 1156 1747 XLIV,
1179 1674 1197 1731 3
1215 1693 1284 1731 cum
1300 1673 1385 1732 Stich.

274 1772 335 1834 202
355 1794 399 1851 sq.
417 1779 578 1852 comperet,
602 1778 633 1831 et
655 1775 736 1850 quod
758 1776 867 1834 attinet
888 1776 930 1858 sd
947 1776 983 1833 fr.
1004 1795 1051 1852 cp.
1069 1774 1177 1834 Athen.
1195 1777 1224 1834 X
1241 1799 1272 1855 p.
1286 1779 1342 1836 431
1357 1777 1383 1833 b:

476 1877 558 1932 'Ourci
576 1899 614 1940 τις
635 1877 748 1948 ὑποχεῖν
771 1878 868 1951 ἀνεβόα
890 1879 934 1934 καὶ
958 1878 1058 1934 δώδεκα

476 1981 606 2044 κυάθους,
629 1980 677 2044 ἕως
699 1983 835 2036 κατέσεισε
858 1985 1084 2054 ψιλοτιμοίμενος,

272 2087 302 2144 in
335 2089 468 2142 extremo
494 2083 612 2158 quidem
643 2085 743 2142 Sticho
771 2088 850 2142 servi
884 2089 1004 2161 potent,
1038 2085 1090 2144 sed
1120 2085 1195 2144 illud
1224 2088 1384 2145 convivium

272 2193 439 2266 spectatur,
462 2206 520 2245 non
542 2190 696 2258 narretur,
719 2191 762 2260 ut,
784 2189 810 2246 si
833 2187 895 2245 haec
917 2207 949 2244 re
972 2207 1044 2248 vero
1066 2188 1104 2244 cd
1126 2186 1262 2247 Graecum
1284 2189 1384 2247 fabule

271 2291 384 2349 fontem
400 2291 560 2366 pertinent,
577 2287 702 2348 Plintns
719 2309 786 2348 eum
803 2291 876 2348 setis
893 2290 986 2348 libero
1002 2295 1145 2349 tractasse
1162 2293 1323 2350 censendus
1340 2295 1383 2351 sil.

358 2392 450 2449 3-4.
474 2386 559 2450 ludis
573 2383 695 2466 plebeis
718 2397 798 2464 cett,
821 2394 839 2450 i.
861 2411 885 2451 c.
909 2391 1069 2451 Novembri
1091 2413 1192 2451 mense
1215 2415 1241 2451 c.
1261 2396 1329 2467 20⁰,
1351 2395 1382 2452 cl.

272 2496 336 2553 Liv.
359 2493 469 2566 XXXI,
494 2495 543 2566 50,
569 2495 601 2552 3:
634 2493 765 2566 „Plebcii
786 2493 850 2553 ludi
873 2495 910 2554 cb
932 2494 1067 2556 aedilibus
1091 2496 1125 2556 L.
1149 2497 1290 2557 Terentio
1311 2497 1382 2554 Mes-

271 2598 380 2656 scIIoto
401 2602 432 2655 et
453 2595 504 2654 On.
524 2596 622 2654 Baebio
645 2595 815 2674 Tamphilo,
840 2599 891 2674 qui
913 2604 1026 2673 praetor
1048 2599 1221 2674 designatus
1243 2607 1320 2672 erat,
1342 2606 1383 2656 ter

271 2701 327 2759 toti
349 2694 539 2758 instauror.
562 2728 604 2738 —
633 2701 659 2778 6.
691 2693 725 2757 T.
750 2691 911 2760 Publilius
934 2693 1037 2760 Pellio
1065 2697 1119 2774 (sic
1142 2699 1222 2777 cod.)
1246 2709 1331 2761 notns
1351 2723 1382 2758 ex

270 2803 377 2862 Bacch.
390 2805 449 2862 211
464 2821 523 2879 sq.:
550 2801 665 2876 „Etiam
678 2801 845 2877 Epidicum,
869 2823 955 2880 quem
974 2823 1029 2880 ego
1048 2805 1177 2863 fabulam
1194 2823 1290 2881 seque
1301 2825 1332 2863 ec
1343 2823 1382 2862 me

271 2908 368 2984 ipsum
390 2926 477 2978 cmo,.
491 2903 609 2962 Nullam
633 2923 726 2980 seque
748 2905 863 2964 inuitus
884 2911 995 2983 specto,
1018 2909 1044 2964 si
1067 2911 1129 2982 egit
1149 2903 1277 2966 Pelli0“.
1298 2937 1336 2948 -
1357 2909 1380 2964 8.

272 3002 437 3084 Marmpor
462 3001 558 3082 Oppi,
580 3008 599 3064 i.
625 3027 650 3066 e.
674 3006 715 3066 M.
739 3007 829 3084 Oppii
851 3027 926 3086 puer
948 3010 996 3068 vel
1018 3028 1136 3082 servus,
1160 3010 1197 3068 cl.
1221 3011 1342 3082 Quintil.
1362 3010 1380 3080 1,

271 3114 299 3186 4,
327 3113 382 3170 26:
416 3112 465 3184 „in
487 3109 580 3169 servis
595 3112 659 3167 'iem
682 3109 834 3168 intercidit
856 3111 930 3169 illud
952 3131 1061 3187 genus,
1085 3112 1166 3188 qnod
1189 3113 1381 3172 ducebature

271 3214 404 3286 domino,
433 3213 512 3274 node
535 3213 717 3289 Marcipores
739 3211 1005 3290 Publiporesque“.
1062 3215 1137 3273 Plin.
1161 3214 1308 3288 XXXIII,
1339 3218 1379 3273 26.

270 3315 456 3394 Merqnsrdt.
481 3315 563 3372 Rem.
589 3315 846 3374 Privotelterth.1
869 3336 897 3393 p.
919 3318 969 3412 21.
995 3347 1035 3355 -
1058 3319 1085 3374 9.
1115 3312 1203 3376 tibiis·
1226 3311 1380 3387 Sammo,

270 3421 313 3478 sic
335 3421 424 3477 ctiam
447 3418 609 3476 didascolis
631 3417 698 3476 Ter.
718 3417 773 3476 sd.
792 3419 857 3476 cod.
870 3419 948 3492 vac,
969 3439 1061 3496 quum
1084 3421 1114 3477 in
1136 3419 1282 3478 Bembino
1307 3421 1380 3492 „Ser

269 3517 368 3582 rcnis“
388 3522 435 3580 sit.
480 3519 597 3580 Eaedem
620 3521 747 3580 sinistre
769 3527 847 3593 sunt,
871 3540 898 3579 v.
917 3519 1023 3580 Donat.
1047 3522 1083 3580 ir.
1101 3522 1139 3580 de
1158 3541 1231 3580 com.
1253 3522 1380 3595 „Dextro

269 3631 300 3685 ct
322 3625 424 3700 Lydioe
450 3643 503 3682 suo
530 3624 678 3699 gravitate
707 3623 813 3682 seriem
842 3624 999 3682 comoediae
1029 3623 1188 3684 dictionem
1216 3627 1378 3704 pronuntia·

217 3761 219 3764 ·
269 3728 354 3802 bont;
388 3727 515 3786 sinistrae
544 3731 574 3784 ct
595 3724 729 3784 sarrano
759 3727 901 3785 acuminis
924 3727 1046 3785 levitate
1067 3728 1163 3786 iocum
1188 3728 1218 3785 in
1241 3728 1380 3788 comoedis

272 3825 499 3889 ostendebant“.
535 3857 572 3870 --
608 3828 704 3888 totam
732 3830 757 3886 si
784 3847 886 3887 verum
915 3833 975 3902 cst,
1009 3825 1118 3890 modos
1146 3821 1224 3901 fecit
1250 3849 1305 3908 pro
1330 3849 1379 3888 nno

268 3932 361 3991 verbo
384 3934 541 3991 transitivo
563 3933 701 4008 ponitnr3
723 3931 801 3989 idem
826 3937 923 3991 exstet
944 3934 976 3990 in
999 3932 1060 3991 did.
1083 3933 1151 3992 Ter.
1175 3932 1295 3992 Phorm.
1314 3933 1379 4005 vo..

268 4035 320 4093 sed
342 4032 407 4093 fieri
429 4040 528 4112 potest
550 4040 584 4093 ut
608 4035 673 4094 tola
695 4033 884 4094 scribendum
913 4037 965 4107 sit,
995 4035 1075 4112 quod
1098 4035 1199 4093 Bemb.
1223 4035 1255 4093 in
1277 4035 1379 4111 necyn

269 4142 299 4196 ct
320 4139 351 4196 in
374 4137 517 4214 Adelphis
539 4135 668 4214 prebet,
700 4137 730 4194 in
752 4136 867 4196 Andria
894 4137 1057 4216 proebuissc
1084 4137 1220 4214 videtur,
1254 4139 1378 4216 quonism

267 4240 402 4300 Donatus
425 4239 479 4297 hoc
501 4241 644 4299 vocabulo
667 4259 767 4298 errore
790 4261 856 4299 cum
879 4240 1071 4318 sequentibus
1093 4241 1196 4300 iuncto
1212 4241 1316 4300 hebet:
1340 4249 1379 4314 „cl

268 4351 313 4402 est
336 4349 401 4401 tote
424 4338 556 4400 Graeco“.
602 4341 666 4400 tota
693 4347 790 4400 cutem
818 4343 951 4402 ablativo
980 4363 1050 4402 casu
1081 4343 1281 4402 intellexeritis
1309 4345 1378 4422 qussi
