2920 4998
519 499 551 550 0.
569 500 730 553 ose-1041.
1126 505 1188 565 499

53 719 89 756 v.
118 715 211 772 supra
232 695 269 754 ud
294 696 364 754 376.
389 723 429 734 --
456 695 544 753 1010.
572 687 639 769 Quo
662 694 858 769 0190100010,
889 695 924 752 cf.
949 695 985 752 ud
1009 697 1091 754 Asin.
1117 698 1188 755 300.

54 829 107 838 —
136 801 227 857 1012.
258 791 337 856 Nisi
359 790 447 873 quio,
478 816 506 854 0.
530 796 568 855 nd
589 796 658 856 Aul.
684 799 754 856 307.
783 826 826 838 -
858 798 948 857 1013.
984 793 1101 872 Mone;
1127 795 1191 858 ium

54 907 148 960 reete
177 901 363 977 interpunxit
391 899 509 958 Lsehm.
533 899 621 958 Lucr.
644 920 674 978 p.
699 899 777 972 211;
811 900 863 958 sed
892 899 971 976 quod
1004 899 1187 978 „reperium“

54 1005 197 1088 scripsit,
220 1006 330 1062 rectius
353 1002 397 1061 sl.
423 998 524 1075 „rem“
550 1003 659 1060 omisit.
683 1031 725 1043 —
758 1003 848 1060 1016.
883 998 1072 1076 mussitabo,
1101 1023 1129 1062 0.
1154 1003 1191 1061 ud

56 1106 137 1165 Aul.
165 1107 299 1165 131-
329 1106 419 1166 1017.
448 1101 560 1179 audes,
589 1124 617 1162 0.
642 1104 679 1162 ud
703 1106 773 1163 859.
798 1133 840 1144 ·-
871 1107 961 1165 1019.
994 1097 1190 1179 Te..au(er,

56 1210 104 1268 cf.
123 1211 208 1268 Asin.
227 1209 304 1268 466:
331 1208 433 1282 „sutor
454 1213 484 1270 te
507 1203 656 1267 domum“.
690 1208 758 1265 Ter.
776 1207 895 1266 Phorm.
916 1210 986 1267 559.
1021 1208 1109 1284 Verg.
1122 1207 1192 1267 AEn.

55 1313 118 1386 lv,
146 1313 215 1372 389.
240 1339 278 1354 -
307 1303 474 1370 1021001
496 1305 555 1382 hie,
578 1311 615 1368 ct.
639 1309 677 1368 sd
700 1310 763 1368 1111.
785 1312 813 1369 9.
835 1339 873 1350 -
902 1313 992 1370 1022.
1015 1307 1088 1387 fieri
1110 1309 1191 1370 Cam.

58 1421 99 1475 et
122 1415 162 1488 B,
196 1415 252 1474 nisi
275 1413 374 1472 failor.
401 1443 444 1454 -
480 1415 559 1472 1025
589 1412 675 1471 offert
697 1412 810 1470 Nonius
840 1431 871 1488 p.
897 1413 957 1472 218
984 1409 1191 1492 ,praesepiss“

59 1518 216 1590 scribens,
248 1517 284 1576 cf.
309 1516 393 1576 Guro.
419 1519 489 1575 228.
514 1515 579 1575 000.
606 1517 654 1574 57.
678 1545 720 1554 -
747 1517 838 1574 1027.
862 1510 1077 1589 stultitius,
1101 1517 1137 1574 oi.
1155 1517 1193 1574 sd

60 1620 178 1698 Amph.
205 1621 252 1679 17.
301 1617 441 1690 ,tuleris
466 1619 579 1678 Becker
600 1619 632 1675 in
656 1617 788 1676 Studem.
806 1618 891 1677 stud.
914 1619 929 1677 I
951 1638 980 1695 p.
1005 1621 1065 1677 217
1089 1639 1133 1696 sq.
1152 1649 1194 1659 -

65 1725 166 1782 1028.
189 1718 268 1781 istite
289 1724 340 1779 vix
361 1721 513 1780 ferendum
538 1725 598 1796 sst;
626 1720 707 1779 Brix.
732 1722 808 1779 Anu.
832 1721 905 1798 phil.
930 1721 1054 1781 CXXXI
1075 1743 1106 1800 p.
1132 1724 1192 1781 203

64 1823 220 1896 „iustum“
247 1805 322 1883 coni.
346 1853 388 1864 -
419 1825 508 1883 1029.
541 1819 639 1883 Neue
657 1818 776 1898 010003,
806 1826 842 1883 cf.
867 1825 986 1884 Trucul.
1012 1825 1082 1884 270.
1107 1824 1192 1902 Gept.

64 1929 145 1988 864.
172 1957 215 1968 -
246 1929 335 1986 1030.
371 1920 506 2001 adpellit
534 1926 616 2000 edd,
650 1928 669 1984 i.
694 1947 718 1985 0.
743 1927 847 2004 adigis.
879 1957 917 1968 -
956 1929 1046 1986 1031.
1080 1927 1194 1986 Omisso

69 2025 184 2105 „etsi“,
207 2029 286 2108 quod
310 2050 346 2089 ex
364 2031 445 2089 facili
461 2029 619 2089 scribentis
636 2049 737 2090 errore
754 2035 853 2090 ortum
871 2035 924 2106 001,
948 2030 1043 2090 locum
1062 2033 1191 2110 restitui.

62 2133 182 2207 Vulgo:
220 2133 305 2201 „Etsi
327 2135 470 2210 ignotust.
493 2128 624 2191 uotust“.

161 2237 251 2296 1032.
285 2236 439 2295 Daemones
461 2237 522 2294 exit
545 2255 609 2294 oum
631 2235 819 2310 mulieribus,
844 2255 935 2313 quus,
958 2255 995 2295 ne
1016 2237 1095 2294 intro
1117 2235 1195 2294 sdes

63 2339 174 2400 uxoris
196 2339 392 2415 suspicionem
419 2344 570 2412 moveant,
604 2340 634 2398 in
662 2359 715 2397 urs
741 2337 862 2414 publico
884 2338 1016 2396 assidere
1038 2337 1130 2396 iubet.
1153 2367 1195 2380 -

63 2437 144 2503 uelo
166 2441 232 2500 odd.
258 2441 385 2515 Pereus;
412 2438 536 2518 ,cupio“
561 2441 673 2500 Osmer.
697 2472 728 2482 -
766 2443 856 2501 1033.
880 2442 925 2500 Ne
947 2446 1015 2519 post
1037 2455 1076 2499 ue
1097 2441 1196 2500 hiatus

67 2547 128 2618 011,
157 2543 202 2603 sl.
225 2551 355 2621 trsnsp.:
393 2564 476 2613 „meu
504 2563 579 2602 uxor
607 2541 675 2618 ne“,
704 2543 888 2604 0110110011.
912 2564 942 2621 p.
966 2544 1037 2603 747.
1081 2545 1195 2603 Acidsl.

74 2643 182 2722 „med“
212 2649 340 2723 scripsit,
364 2647 458 2706 Koch.
490 2645 633 2721 „uoxor“,
661 2667 689 2707 v.
719 2649 758 2706 sd
779 2646 886 2723 Amph.
913 2648 1003 2706 1102.
1033 2676 1075 2687 -
1106 2648 1196 2707 1034.

70 2747 201 2811 adduxe
217 2749 354 2808 0010.-
375 2751 464 2809 1035.
482 2745 641 2824 periimus
659 2750 739 2810 Gsm.
755 2779 792 2790 -
816 2751 906 2809 1036.
930 2745 1009 2826 quid
1029 2764 1095 2820 uos,
1119 2751 1197 2808 loro·

72 2856 138 2912 rios
156 2853 327 2929 alloquitur.
372 2847 438 2911 His
450 2855 527 2910 enim
539 2873 628 2930 quum
640 2854 705 2930 ipse
717 2853 796 2911 adsit
809 2845 980 2930 (quonium,
1001 2853 1037 2912 of.
1051 2849 1114 2926 67),
1139 2854 1197 2911 iam

74 2977 138 3016 non
159 2975 229 3015 usus
252 2961 306 3014 est.
357 2950 414 3014 Fae
427 2950 595 3030 praesidio
617 2954 723 3014 deduci
746 2960 884 3033 possunt,
908 2957 938 3013 in
962 2975 1021 3033 quo
1044 2975 1093 3014 eos
1110 2962 1199 3015 untes

75 3061 273 3118 constitueret
302 3051 344 3134 (0.
376 3055 450 3135 797)
472 3053 653 3134 praesides,
686 3061 706 3118 1.
730 3079 755 3118 0.
785 3059 935 3131 custodes,
970 3059 1006 3118 01.
1036 3059 1100 3118 Cos.
1126 3061 1197 3117 006.

74 3163 169 3222 Most.
195 3163 285 3221 1077.
303 3189 345 3202 —-
371 3161 461 3221 1040.
484 3161 526 3220 Ut
549 3163 736 3238 septenarius
757 3159 976 3239 pronuntietur,
1000 3163 1082 3222 0110
1098 3157 1200 3237 pudet

77 3270 109 3323 01
141 3265 171 3323 in
202 3258 274 3324 hine
301 3265 411 3342 positio
439 3265 618 3341 negligenda
646 3269 700 3324 001.
725 3325 728 3332 ,
753 3259 852 3324 Haud
870 3261 979 3340 pudet.
1026 3265 1079 3323 His
1109 3285 1199 3342 quum

76 3367 238 3428 Lambinus
260 3368 466 3444 interrogandi
488 3370 604 3442 signum
627 3368 824 3446 opposuisset,
848 3369 962 3428 Acidsl.
980 3391 1009 3448 p.
1030 3369 1107 3427 446:
1135 3368 1200 3440 ,In-

75 3476 247 3547 10000ςο010
279 3470 476 3530 Trschulione
508 3471 694 3543 Dumonom¹,
733 3477 849 3531 essetne
888 3473 914 3530 is
953 3474 1048 3550 ipsius
1088 3489 1200 3543 servus,
1241 3487 1242 3492 ’

79 3574 189 3652 Gripus
220 3593 276 3652 pro
304 3574 376 3632 hero
405 3579 531 3652 occupet
559 3573 756 3652 respondere:
791 3574 878 3632 Hsud
900 3575 1009 3653 pudet,
1039 3575 1058 3632 i.
1083 3592 1108 3632 e.
1131 3591 1201 3634 sum

80 3695 151 3736 vero
171 3677 261 3751 illius,
285 3696 381 3753 noque
398 3679 457 3735 mei
474 3678 567 3756 pudet
584 3696 658 3749 eum,
682 3681 717 3735 ut
734 3696 799 3735 esse
817 3697 902 3736 suum
919 3673 1039 3753 neget“.
1073 3676 1202 3735 Schmio·

81 3781 169 3839 dorus
197 3786 313 3839 sutem:
352 3799 431 3853 „non
459 3779 553 3857 pudet
580 3799 625 3838 me
656 3778 712 3838 hoo
733 3778 790 3838 tibi
813 3777 1025 3857 persuasisse“.
1071 3779 1203 3850 Quorum

80 3889 215 3942 neutrum
238 3884 309 3942 terri
332 3888 441 3961 potest.
496 3883 589 3940 Immo
613 3881 723 3960 Gripus
747 3903 806 3941 non
824 3882 1010 3941 Trachalioni
1032 3881 1202 3959 respondet,

82 3987 135 4046 sed
155 3987 273 4046 domino
305 3979 390 4061 Quid
410 3978 468 4060 fii?
495 3986 514 4042 i.
538 4006 563 4044 0.
588 3985 659 4062 quid
689 3982 773 4062 ogis?
802 3979 844 4059 (0.
869 3987 906 4045 sd
928 3985 1033 4044 Bacch.
1058 3981 1132 4060 624)
1160 3988 1204 4043 in-

82 4090 253 4164 terroganti.
306 4089 395 4148 Haud
416 4087 517 4167 pudet,
541 4089 648 4165 inquit,
679 4089 698 4146 i.
719 4107 744 4145 0.
768 4107 827 4146 non
850 4093 976 4166 penitet
997 4107 1043 4146 me
1065 4088 1203 4160 fortune,

84 4191 213 4251 modeste
237 4211 284 4250 ree
306 4211 375 4250 sues
396 4191 521 4249 lundens
549 4198 584 4248 ut
611 4190 699 4248 hodie
723 4189 807 4249 Iuli:
846 4189 1110 4264 ,001000101-
1138 4190 1206 4248 Non

85 4287 126 4355 c'e
148 4289 254 4353 rusle“.
285 4321 323 4336 —
357 4295 447 4353 1041.
482 4289 607 4370 quando
636 4291 724 4352 iuuet
749 4293 839 4367 vulgo
868 4313 934 4352 cum
963 4292 1206 4351 antecedentibus

84 4401 223 4476 iungunt,
258 4399 344 4474 quusi
380 4393 498 4473 „quod“
535 4398 678 4474 seriptum
706 4399 794 4454 esset.
854 4395 919 4471 Ego
951 4400 1020 4453 onte
1053 4395 1108 4453 hoc
1141 4414 1206 4453 000.

951 4506 1000 4562 32*
