2920 4998
265 501 327 562 490
761 495 881 552 Rudens.

259 693 334 749 istee
365 687 471 764 sunt“;
506 694 536 749 in
566 691 687 750 eendem
717 695 890 750 sententiam
921 693 981 750 Leo
1004 691 1105 750 Herm.
1127 689 1231 749 XVIII
1258 713 1293 769 p.
1322 695 1380 751 576

262 795 383 866 „Tricce
400 797 473 852 istnc
485 789 593 858 eunt?“
619 815 720 854 verum
734 793 833 852 Letini
848 793 984 870 ,Nuges“
1000 801 1051 851 eut
1067 793 1206 866 „Tricss“
1221 797 1389 854 dixissent.

260 893 417 956 -oeeor
439 897 529 961 Cnm..
554 899 589 954 ct.
603 897 666 954 Mil.
683 897 777 956 1361:
806 895 929 968 „Dicent
950 901 980 953 tc
1002 895 1171 954 mendacem
1196 919 1254 956 nec
1281 917 1390 955 uerum

259 1019 331 1073 esse,
355 1001 412 1058 fide
435 1000 515 1058 nuile
537 1018 600 1057 esse
622 997 683 1057 tc“.
739 998 798 1056 Sed
819 1000 907 1074 torpe
929 1016 1023 1076 pravo
1045 999 1110 1057 loco
1133 999 1265 1075 legitur,
1293 1021 1391 1076 neque
1451 1063 1452 1074 ,

259 1103 334 1160 enim
362 1108 477 1179 tergum
508 1117 608 1159 verum
637 1106 695 1172 est,
729 1101 781 1158 scd
803 1103 879 1174 tergi
902 1101 1073 1160 testimonio
1096 1099 1132 1159 de
1154 1103 1298 1159 veritate
1323 1123 1390 1162 con·

257 1204 399 1262 tenditur.
444 1204 548 1281 Itaque
572 1209 623 1262 eut
646 1203 809 1263 omittenda
831 1205 893 1263 haec
915 1223 972 1272 vox
995 1208 1047 1261 out
1063 1203 1275 1262 scribendum:
1307 1199 1388 1264 Gon·
1452 1257 1453 1272 ,

258 1302 348 1365 tende
370 1321 442 1384 enyo
464 1307 563 1382 terno,
594 1306 663 1365 oter
684 1304 729 1366 eit
749 1301 864 1365 uerior.
887 1336 929 1348 —
959 1309 1030 1365 743.
1062 1299 1315 1380 offerumentas,
1347 1309 1387 1364 ie·

258 1411 368 1468 minino
392 1429 498 1485 genere
520 1415 554 1466 ut
576 1415 732 1482 eaementn,
761 1414 903 1468 ramento.
950 1409 1029 1467 Fest.
1054 1408 1135 1486 Epit.
1158 1425 1187 1482 p.
1212 1409 1298 1467 188:
1329 1409 1394 1475 ι,01-
1453 1446 1454 1504 t

257 1514 422 1570 ferumcnto
455 1512 592 1571 dicebant
626 1533 692 1590 qnae
725 1509 920 1571 offerebant“.
965 1511 1005 1570 Et
1033 1511 1188 1570 Turnebus
1219 1511 1338 1587 pleges
1366 1520 1392 1568 rt
1453 1505 1454 1584 i

260 1616 372 1673 vibices
395 1615 595 1691 intelligebat,
629 1635 693 1692 quse
716 1621 799 1690 tergo
822 1613 1001 1673 offerrentur
1023 1620 1113 1689 etque
1135 1617 1176 1670 ite
1201 1613 1393 1672 offerrentur

258 1723 292 1776 ut
314 1719 406 1776 sacris
428 1718 593 1794 perietibus
615 1717 739 1776 deornm
762 1718 885 1775 donaris
907 1717 986 1794 effigi
1004 1717 1109 1775 solent.
1153 1716 1227 1788 Quen
1244 1723 1285 1774 et
1302 1718 1392 1791 longe

202 1825 203 1828 ’
258 1821 354 1897 petite
375 1819 529 1892 videntur,
563 1841 616 1878 nec
644 1819 838 1878 offerumente
868 1821 904 1878 eb
933 1819 1083 1880 offerendo
1112 1818 1242 1876 derivari
1278 1827 1391 1897 potest,

258 1923 422 1998 presertim
452 1941 540 1999 quum
569 1943 588 1980 u
616 1922 737 1996 longum
765 1924 811 1980 eit.
867 1922 977 1994 Credo,
1012 1921 1213 1980 offerimentes
1243 1923 1349 1982 fuisse
1376 1943 1391 1979 ι

259 2025 400 2084 feriendo.
424 2055 466 2064 -
496 2025 567 2082 745.
601 2018 693 2083 Poste
716 2020 848 2100 aspicito
873 2027 907 2083 tu
928 2025 1064 2083 Mueller.
1087 2023 1249 2098 Nachtreg.
1279 2048 1315 2103 p.
1343 2028 1388 2086 δέ.

258 2127 293 2186 cf.
318 2127 354 2184 ed
377 2127 459 2184 Asin.
485 2129 555 2186 906.
585 2155 626 2167 -
660 2127 721 2187 746
744 2147 787 2205 eq.
817 2127 936 2187 Corium
959 2147 1043 2186 enum
1065 2129 1300 2203 integerrimum
1327 2149 1391 2187 cese

258 2229 343 2301 dicit3
372 2230 505 2304 quemvis
534 2223 755 2304 ampullarium
782 2231 977 2308 probaturum
1001 2249 1064 2288 csse
1086 2229 1124 2286 ed
1146 2229 1323 2307 ampullam
1347 2234 1390 2289 ie·

258 2331 406 2402 ciendam,
439 2332 484 2389 hre
513 2335 589 2390 enim
620 2353 655 2390 ex
679 2334 758 2390 corio
780 2332 906 2404 debent,
942 2352 968 2391 v.
993 2333 1031 2391 od
1053 2331 1143 2390 Stich.
1167 2333 1242 2392 234.
1298 2331 1390 2410 operi

258 2433 339 2492 Reiz.
362 2464 404 2473 -
428 2436 498 2493 748.
525 2429 609 2510 Quid
629 2449 742 2495 causae
763 2434 818 2509 est,
843 2437 879 2493 cf.
903 2436 940 2494 ed
963 2435 1069 2512 Amph.
1088 2436 1158 2494 845.
1181 2435 1264 2493 infre
1291 2440 1389 2498 1057.

257 2565 299 2576 -
329 2537 398 2594 749.
428 2553 520 2612 quos,
551 2561 577 2596 v.
603 2537 699 2596 Madv.
725 2539 775 2596 Gr.
799 2537 833 2598 L.
857 2539 929 2597 448.
980 2538 1071 2609 Quem
1102 2557 1184 2594 usum
1208 2557 1247 2595 ne
1272 2544 1390 2616 quise

258 2638 365 2697 Plauto
388 2641 515 2698 alienum
538 2646 639 2716 putet,
663 2641 699 2699 of.
724 2642 795 2700 959.
821 2669 859 2679 -
886 2643 955 2699 750.
984 2635 1125 2716 Atquin
1147 2637 1199 2697 hoc
1224 2659 1293 2700 uno
1322 2645 1390 2702 loco

258 2742 380 2818 legitur;
410 2741 522 2800 Comen.
547 2749 576 2799 et
601 2743 756 2801 Ribbeck:
783 2739 925 2818 „Atqui“.
948 2772 991 2782 -
1016 2743 1086 2801 ⁷51.
1122 2735 1306 2802 Uolcanum
1332 2745 1388 2806 ad·

258 2842 381 2916 ducam,
415 2853 448 2902 ut
472 2845 558 2903 Most.
586 2847 664 2904 1095
696 2865 785 2903 senex
812 2845 901 2902 herus
928 2863 1029 2918 servo,
1064 2847 1114 2921 qui
1144 2845 1179 2902 ed
1202 2865 1292 2904 arem
1322 2873 1389 2908 con·

257 2949 345 3023 fugit:
374 2949 447 3020 „tibi
464 2950 522 3006 iem
540 2947 646 3005 iubebo
667 2949 761 3022 ignem
782 2952 812 3004 et
829 2954 987 3018 sarmento,
1006 2949 1145 3018 carnifex,
1165 2949 1388 3012 circumdari“.

256 3079 298 3090 —
332 3052 403 3110 752.
438 3049 555 3108 Labrax
585 3049 623 3106 od
651 3049 798 3108 Demonis
826 3050 902 3107 redes
933 3050 1060 3124 aceedit,
1095 3056 1129 3107 nt
1155 3053 1252 3126 ignem
1283 3063 1389 3131 petat.

260 3183 293 3191 -
323 3155 392 3212 753.
416 3147 470 3228 fiet
490 3148 525 3211 in
548 3167 599 3210 ore
622 3154 725 3228 scripsi
748 3172 850 3210 versus
872 3171 976 3224 oeuso3
1004 3150 1065 3210 Fl.:
1097 3154 1175 3224 ,Iam
1196 3153 1253 3211 tibi
1276 3155 1389 3217 hercle

257 3255 286 3311 in
310 3273 361 3311 ore
383 3254 434 3312 fiet
457 3251 589 3314 mossis“.
614 3284 654 3320 -,-
680 3249 809 3332 meryie,
839 3255 962 3313 friroulis
984 3253 1090 3330 quibus
1112 3261 1237 3314 utuntur
1259 3265 1388 3335 rustici,

256 3379 283 3414 v.
308 3358 346 3415 od
368 3357 455 3416 Poen.
483 3361 572 3416 1015.
611 3355 765 3433 pupneiS,
800 3356 897 3428 Oem.,
931 3358 950 3418 i.
974 3378 999 3415 e.
1023 3377 1197 3434 pugnorum.
1226 3389 1267 3398 -
1308 3365 1386 3422 755.

257 3455 287 3519 si
309 3456 448 3537 quidem
484 3481 518 3517 ee
540 3459 710 3518 condicione
732 3479 764 3518 se
786 3462 883 3534 ignem
907 3459 1044 3518 daturum
1068 3459 1154 3533 dicit,
1184 3469 1217 3520 nt
1246 3482 1320 3522 eum
1356 3471 1387 3525 in

257 3565 354 3641 capite
383 3566 443 3622 eins
471 3563 620 3621 accendet.
651 3591 694 3602 -·
723 3564 794 3623 757.
827 3561 984 3634 ,Quinin“,
1015 3583 1075 3622 non
1100 3563 1195 3634 ,Quin
1216 3561 1269 3622 ut“
1298 3569 1334 3626 in
1360 3573 1388 3628 A

256 3668 314 3742 legi
337 3665 494 3725 videbatur
517 3665 733 3738 Studemundo,
763 3687 790 3722 v.
816 3665 932 3722 Kienitn
955 3665 991 3723 dc
1015 3667 1092 3737 Quin
1121 3667 1267 3744 porticulo
1290 3689 1326 3744 p.
1355 3675 1385 3734 2,

256 3770 404 3844 qui.inde
432 3770 587 3846 proponit:
624 3769 720 3842 „Quin
753 3768 943 3826 inhumanum
971 3787 1077 3826 exures
1105 3765 1212 3837 tibi?“,
1250 3769 1319 3828 fere
1351 3785 1385 3831 ut

257 3871 344 3947 Seyff.
374 3872 457 3930 Stud.
487 3892 516 3948 p.
543 3875 575 3930 3:
617 3871 711 3945 ,Quin
739 3876 805 3928 tute
834 3870 993 3929 humanum
1021 3889 1127 3929 exuras
1156 3867 1252 3930 tibi?“
1293 3878 1383 3950 quod

256 3979 378 4049 propter
401 3975 616 4032 coniunctivum
640 3975 723 4049 qnasi
749 3971 880 4046 ,Quine“
906 3973 1145 4047 intelligendum.
1197 3973 1254 4032 Sed
1282 3995 1326 4034 ne
1351 3982 1382 4038 in

256 4078 375 4133 incertis
397 4075 499 4134 formis
521 4097 671 4150 vagemur,
696 4076 752 4134 hoc
773 4079 868 4153 ipsum
895 4071 995 4151 Quinc
1017 4077 1212 4150 scribendum,
1237 4077 1274 4134 oi.
1301 4082 1380 4140 271.

256 4178 328 4236 Post
350 4179 406 4236 hot
429 4185 525 4236 cutem
547 4176 616 4252 „nt“
636 4179 707 4237 ferri
727 4199 784 4236 non
806 4184 914 4255 potest.
959 4179 1020 4238 Neo
1033 4177 1230 4252 „humennm“
1244 4183 1378 4257 probum

257 4287 310 4340 eet.
362 4280 513 4339 Daemones
541 4283 641 4359 potius
669 4281 791 4355 diecret,
824 4283 854 4340 in
883 4282 987 4340 lenone
1016 4283 1089 4341 nihil
1116 4283 1236 4341 humani
1265 4285 1378 4345 inesse.

256 4384 352 4456 Quare
372 4403 429 4441 non
447 4387 509 4441 sine
526 4386 641 4442 ratione
659 4384 793 4443 Reizius:
820 4384 933 4458 „Quinc
949 4392 981 4443 tn
999 4405 1116 4444 monum
1136 4405 1242 4444 exures
1260 4385 1377 4460 tibi?“,
