2890 5004
521 477 552 532 v.
573 480 716 534 aes-sao.
1114 486 1176 548 435

57 668 135 733 eollo
158 675 318 733 cruminam
340 677 450 750 portet,
474 694 501 734 v.
526 675 563 733 ad
586 675 667 734 Asin.
694 677 763 734 650.
791 703 827 714 ·-
846 689 958 749 parce,
989 675 1107 750 omitte,
1138 677 1174 736 of.

56 776 160 836 Beeeh.
184 779 255 836 905.
297 775 364 834 Ter.
389 775 459 834 Heu.
484 779 556 837 282.
584 807 627 818 -
664 780 736 837 312.
771 773 839 854 quei,
870 799 897 835 v.
926 777 964 836 ed
992 777 1077 837 Cure.
1104 781 1175 839 274.

56 911 96 920 -
119 875 221 958 tenpit
242 880 276 938 A.
301 911 343 922 -
366 880 437 938 315.
464 875 556 940 Atat
576 882 611 940 A.
641 909 684 922 -
713 882 784 940 316.
814 873 907 940 boues
930 873 1006 954 bini,
1029 896 1063 940 ut
1086 902 1177 961 supra

57 983 131 1058 264,
162 985 273 1042 nummi
301 983 339 1042 ad
361 983 450 1044 borsa
479 983 616 1043 emendos
646 985 797 1044 destinati.
857 984 956 1045 Unum
986 1005 1043 1063 par
1065 986 1176 1065 signifi·

57 1089 114 1146 ceri
137 1086 271 1159 videtur,
300 1091 334 1146 ut
355 1087 436 1165 apud
459 1086 519 1146 cic.
542 1088 626 1145 Verr.
649 1087 698 1160 IV,
726 1088 772 1162 14,
797 1089 849 1147 32;
884 1087 989 1162 „binos
1011 1085 1174 1168 scyphor“;

55 1190 104 1248 sed
126 1209 183 1269 pro
205 1208 264 1249 uno
285 1191 352 1268 pari
371 1188 421 1248 Dc
439 1191 551 1248 nummi
564 1183 605 1266 (v.
621 1183 685 1264 38),
709 1191 728 1248 i.
742 1209 768 1248 e.
782 1189 861 1248 MCC
883 1189 1030 1250 draehmoe
1053 1194 1175 1253 nimium

56 1294 184 1370 pretium
206 1294 339 1366 ridetur,
363 1294 474 1370 quippe
498 1291 578 1371 quod
596 1291 803 1352 Demosthenis
820 1297 906 1352 mtete
923 1277 1098 1356 eiuo'dubio
1121 1298 1176 1358 du-

56 1398 148 1455 centis
166 1395 312 1456 drachmis
330 1397 376 1456 vel
394 1397 516 1456 minoris
534 1397 590 1455 emi
608 1398 748 1474 potuerit,
771 1415 797 1455 v.
817 1395 928 1454 Backh.
941 1395 1144 1462 Stsatshaush.
1162 1403 1177 1460 I

55 1521 83 1576 p.
108 1501 149 1558 82
173 1520 215 1577 eq.
270 1500 375 1577 Itaque
403 1498 549 1560 Christius
577 1501 684 1560 Annal.
712 1499 785 1578 phil.
809 1499 917 1559 XCVII
938 1520 968 1577 p.
994 1502 1053 1560 348
1083 1503 1176 1564 boues

56 1602 257 1675 didrachmum
306 1603 392 1662 binos
436 1603 526 1664 boves
567 1603 802 1664 tetradrachmos
842 1602 1008 1680 siguificare
1045 1610 1175 1683 putavit,

56 1704 199 1785 Geppert.
222 1705 308 1765 Stud.
331 1706 397 1785 lp.
423 1709 462 1764 52
485 1707 514 1766 h.
538 1706 558 1765 l.
581 1727 640 1765 uon
664 1710 698 1766 ut
719 1706 808 1781 vulgo
830 1706 1021 1780 Tarentinos,
1056 1709 1109 1766 aed
1132 1709 1176 1768 Si·
1268 1725 1271 1732 ·

56 1809 135 1867 culos
160 1827 308 1881 nummos,
339 1812 390 1886 qui
419 1810 480 1868 fers
510 1812 662 1869 sestertios
685 1809 833 1870 Romanos
856 1810 1022 1886 aequabant,
1046 1811 1175 1888 intelligi

55 1913 186 1990 putavit,
220 1932 344 1990 quorum
372 1918 509 1971 neutrum
538 1915 601 1971 veri
629 1912 725 1972 simile
753 1917 807 1973 est.
869 1913 1064 1987 Sagaristioni
1094 1916 1177 1974 nulla

57 2035 142 2074 eauee
166 2021 246 2088 erat,
281 2036 334 2075 eur
362 2021 498 2075 aoourete
526 2018 656 2092 pretium
684 2016 773 2076 boum
803 2018 835 2075 in
856 2017 910 2076 tali
934 2017 998 2077 ioeo
1020 2017 1174 2076 indicaret.

56 2147 95 2158 -
120 2119 192 2178 318.
215 2112 329 2192 Enim,
360 2118 397 2179 ef.
423 2121 493 2178 237.
519 2149 555 2160 -
587 2113 689 2180 buhele
710 2121 741 2178 in
765 2121 791 2178 A
813 2121 904 2179 fuisse
927 2118 1054 2195 videtur,
1083 2141 1176 2199 eaque

57 2222 117 2280 sola
139 2221 268 2280 nominis
290 2221 386 2281 forma
408 2228 480 2281 uota
502 2229 561 2296 est3
585 2224 610 2281 si
626 2219 791 2296 „bubilem“
807 2223 873 2295 fuit,
899 2221 1051 2298 „saulam“
1073 2225 1177 2285 audire
1228 2257 1234 2280 ι

56 2343 219 2401 possumus.
264 2323 431 2384 Verborum
454 2324 596 2398 ordinem,
622 2327 757 2403 quamvis
778 2326 858 2385 idem
880 2327 909 2384 iu
932 2326 959 2384 A
980 2327 1028 2399 eit,
1052 2329 1178 2386 mutavit

57 2425 90 2485 R.
134 2422 251 2486 reicere
273 2432 319 2486 est
340 2427 484 2504 redigere,
508 2429 545 2486 ef.
563 2427 650 2506 Verg.
668 2427 739 2486 Bae.
765 2430 792 2502 3,
817 2432 871 2488 96:
899 2450 934 2498 „a
955 2428 1075 2488 flumine
1097 2431 1176 2488 reice

57 2527 214 2608 capellas“.
245 2560 287 2570 —
316 2545 354 2588 ue
375 2531 527 2607 stupeatur
550 2529 596 2590 ed.
620 2551 666 2609 pr.
712 2531 888 2591 coniunctio
912 2553 971 2592 nou
994 2551 1011 2588 a
1037 2528 1173 2606 „metu0“

56 2633 179 2709 pendet,
214 2635 266 2693 sed
289 2655 306 2692 a
328 2639 392 2694 tota
415 2635 619 2693 enuntiatione
650 2638 769 2708 „metuo
792 2631 857 2707 ut“‚
891 2634 927 2693 ef.
958 2636 1028 2693 314.
1059 2637 1109 2694 80.
1139 2635 1177 2694 ad

56 2736 120 2795 Aul.
135 2739 186 2796 39.
209 2765 261 2794 -,
275 2739 346 2798 319.
374 2729 526 2797 Credeter
547 2735 674 2796 Guiotus
696 2755 761 2811 eun,
786 2737 822 2796 of.
842 2737 933 2796 Stich.
948 2739 1018 2796 511.
1039 2766 1076 2776 -
1096 2751 1177 2796 com·

57 2835 194 2912 morteto,
218 2841 254 2899 oi.
278 2840 337 2900 cic.
363 2840 445 2899 Verr.
469 2841 518 2914 lv,
543 2843 571 2913 9,
596 2841 645 2899 20.
679 2840 770 2900 Attio.
794 2839 832 2912 Π,
859 2841 906 2913 16,
930 2841 959 2898 2.
978 2839 1015 2899 el.
1039 2869 1080 2880 -
1105 2842 1176 2900 320.

58 2934 192 3018 Sequere
214 2941 277 3002 cod.
297 2942 333 3002 D.
358 2971 399 2984 -
421 2957 538 3002 mecum
562 2939 680 3002 <azaram
704 2938 804 3002 orasti
825 2944 860 3015 A,
884 2943 919 3002 ef.
947 2945 1015 3002 118.
1041 2971 1077 2982 -
1104 2943 1176 3002 321.

57 3035 145 3104 bouis
168 3046 203 3113 A,
225 3046 261 3106 ef.
280 3047 368 3106 Most.
390 3048 437 3105 34.
472 3045 565 3118 Neue,
589 3043 737 3104 Formeul.
756 3044 770 3103 I
788 3068 818 3125 p.
832 3048 902 3105 257.
926 3076 968 3086 -
992 3047 1062 3107 323.
1087 3060 1177 3106 omrte

58 3163 109 3223 epo
131 3148 218 3208 Both.
253 3148 355 3209 Muell.
382 3151 499 3226 „Atque
522 3169 576 3226 epo
599 3149 655 3208 hoe
677 3169 764 3208 omne
782 3155 937 3224 argeutum
955 3149 1012 3208 tibi
1027 3144 1114 3209 hue.“
1136 3179 1177 3190 -

58 3250 193 3310 aetatum
216 3252 249 3311 A.
294 3253 371 3312 Ante
393 3253 448 3313 hoo
471 3252 613 3331 Gsppert.
637 3252 720 3312 Stud.
744 3250 773 3310 11
795 3274 824 3331 p.
844 3255 881 3313 81
907 3249 998 3326 „hue“
1024 3253 1105 3331 legit.
1134 3282 1173 3293 —

61 3354 127 3413 323.
153 3349 253 3415 Toeto
277 3351 397 3430 metior,
420 3377 448 3416 v.
473 3357 511 3416 ad
532 3356 621 3417 Beeh.
647 3358 717 3416 208.

141 3667 212 3727 328.
236 3667 388 3726 Parasitus
408 3667 468 3724 exit
486 3687 552 3726 eum
574 3666 637 3726 filia
658 3668 690 3726 in
711 3669 903 3746 peregrinum
926 3663 1045 3724 modum
1070 3669 1177 3724 ornata

60 3759 158 3842 (334),
193 3790 281 3847 quam
310 3770 409 3828 lenoni
439 3771 614 3829 venditurus
644 3774 697 3828 eet.
735 3801 771 3810 -
813 3771 883 3830 329.
920 3761 1175 3845 Perennitatique

60 3871 244 3931 scribendum
274 3892 310 3931 ex
337 3875 377 3945 A,
412 3894 439 3934 v.
464 3872 559 3950 Gepp.
581 3872 665 3932 Stud.
689 3871 719 3931 ΙΙ
746 3893 775 3950 p.
801 3875 857 3947 813
892 3874 911 3931 i.
935 3891 959 3929 e.
982 3872 1013 3929 in
1041 3873 1176 3949 perenni-

60 3978 158 4048 tatem,
183 3969 255 4035 huie
272 3977 424 4051 perpetuo
447 3968 519 4049 erbo,
543 3977 563 4033 i.
576 3997 600 4034 e.
622 3996 681 4053 quo
703 3975 750 4035 hio
773 3979 919 4054 perpetuo
942 3974 1039 4050 iruar3
1061 3974 1177 4037 facilius

63 4084 135 4136 esset
151 4083 204 4138 aut
225 4081 423 4158 „perennitati
439 4078 527 4137 huius
545 4075 621 4136 oibi“
642 4085 695 4136 eut
716 4079 802 4152 „huie
819 4078 884 4137 oibo
901 4082 935 4137 ut
951 4080 1089 4155 perennis
1106 4076 1176 4139 eit“.

62 4177 94 4239 R.
115 4181 266 4241 licentius:
293 4181 592 4257 „Perennitatemque
615 4181 690 4239 adeo
713 4181 781 4239 huia
802 4184 961 4259 perpetuet
978 4177 1065 4240 oibi“.
1105 4180 1177 4240 Tra-

64 4283 124 4355 gieo
146 4285 208 4344 fere
230 4284 317 4344 modo
339 4304 502 4361 synonyma
525 4284 722 4342 cumulantur.
773 4283 815 4344 Ut
837 4285 928 4344 eeteri
950 4282 1037 4357 filios,
1059 4284 1102 4342 ita
1123 4303 1176 4360 pa·

64 4387 168 4466 resitue
201 4389 298 4448 eibum
332 4387 388 4446 sibi
422 4389 610 4463 superstitem
643 4405 706 4445 esse
734 4390 828 4463 optet.
890 4385 1047 4461 suppetat,
1081 4408 1108 4446 v.
1139 4385 1177 4444 ad

923 4499 973 4554 28⁸
