2890 5004
267 473 329 532 406
776 466 867 521 Plauti

689 656 956 723 Phronesium
1434 739 1435 744 ἵ

268 766 330 830 Uin
354 771 386 830 te
409 765 644 850 amplecteret
668 766 795 829 sanium
818 765 914 829 dem?

738 917 915 984 Strabax

842 1061 844 1064 ·
871 1027 1009 1104 Quiduis
1031 1029 1113 1110 face,
1137 1031 1194 1111 qui
1214 1031 1382 1112 gaudeam.

674 1182 972 1268 Stratophanes

266 1289 400 1355 Meosne
423 1297 499 1354 ante
522 1289 633 1356 oculos
657 1313 717 1372 ego
741 1292 830 1356 illam
853 1292 962 1375 patiar
980 1291 1063 1357 alios
1080 1291 1319 1376 amplexarierl
1337 1313 1382 1363 915

268 1397 433 1463 Mortuum
462 1399 571 1464 hercle
602 1421 651 1464 me
685 1400 778 1466 hodie
812 1403 925 1466 satius.
982 1401 1117 1466 Abstine
1151 1401 1226 1480 hoc,
1262 1403 1382 1480 mulier,

978 1529 1117 1589 manum,

267 1613 338 1677 Nisi
361 1616 387 1678 si
411 1621 443 1678 te
467 1637 539 1680 mea
563 1623 711 1682 astutum
734 1617 908 1682 machaera
930 1625 963 1683 et
984 1618 1070 1683 hunc
1092 1618 1144 1683 nis
1167 1620 1277 1684 emori.

690 1772 957 1836 Phronesium

268 1877 461 1960 Philippiari
484 1880 611 1958 satiust,
635 1879 740 1956 miles,
764 1881 791 1944 si
814 1887 846 1944 te
869 1881 972 1944 amari
996 1881 1154 1964 postulas.

268 1989 364 2066 Auro,
388 1987 477 2052 haud
500 1987 586 2052 ferro
607 1989 773 2054 deterrere
793 1997 883 2070 petes
901 2009 950 2053 me
967 2011 1007 2053 ne
1025 2009 1129 2054 amem
1147 1988 1237 2067 lmese,
1261 1989 1382 2054 Strato-

979 2095 1113 2181 phanes.

675 2252 979 2337 Stratophanes

269 2359 346 2438 Qui,
379 2359 517 2440 malum,
550 2359 671 2424 bellum
694 2366 752 2425 aut
774 2358 882 2425 faceta
911 2381 961 2438 es,
996 2381 1081 2443 quae
1109 2380 1196 2423 ames
1225 2359 1381 2424 hominem

979 2468 1035 2532 isti
1057 2467 1169 2533 modi?
1333 2484 1381 2536 9911

691 2611 962 2677 Phronesium
1433 2697 1434 2702 ἵ

269 2721 408 2787 Uenitne
426 2722 458 2784 in
477 2728 616 2785 mentem
635 2720 696 2786 tihi
718 2720 807 2804 quod
828 2719 965 2786 uerbum
983 2721 1018 2784 in
1036 2740 1138 2784 cauea
1156 2717 1235 2784 dixit
1251 2718 1377 2783 histrio:
1433 2761 1434 2816 3

268 2829 388 2894 Omnes
411 2830 559 2893 homines
581 2829 637 2912 qui
659 2829 699 2893 ad
723 2851 815 2893 snum
840 2836 1015 2913 quaestum
1038 2828 1168 2908 callent,
1190 2828 1270 2893 anihil
1292 2825 1377 2892 lasti·
1433 2831 1434 2886 l

980 2937 1083 3004 diunt

676 3079 976 3165 Stratophanes

268 3191 415 3255 Huncine
439 3189 600 3254 hominem
623 3196 656 3254 te
673 3188 853 3272 amplexari
872 3196 941 3255 tam
958 3190 1126 3254 horridum
1144 3208 1184 3252 ac
1201 3196 1267 3254 tam
1286 3209 1375 3270 squa-

978 3297 1095 3363 lidum!

689 3440 955 3506 Phronesium

268 3553 471 3636 Quamquam
492 3551 544 3617 hin
562 3550 701 3633 squalet,
719 3571 912 3634 quamquam
929 3550 982 3614 hie
999 3549 1122 3628 horret,
1144 3551 1246 3615 scitus
1268 3554 1296 3614 el
1315 3546 1374 3614 bel·

977 3656 1047 3724 lust
1069 3655 1158 3722 mehi.

353 3867 403 3918 914
420 3864 521 3920 Uinete
581 3864 708 3917 suaniam
771 3863 818 3931 qui
836 3878 885 3918 om
946 3863 997 3916 916
1015 3862 1061 3916 lle
1079 3877 1165 3918 eosne
1222 3865 1273 3918 916
1290 3863 1375 3917 hercle

267 3952 358 4006 medio
436 3969 521 4004 manu
603 3951 654 4004 917
671 3967 734 4003 mea
750 3966 834 4002 manu
854 3949 881 4002 ni
901 3949 928 4002 in
947 3950 987 4015 (in
1005 3963 1055 4004 oen.
1075 3947 1108 4017 0)
1125 3965 1237 4002 manera
1312 3949 1375 4002 mori

267 4041 317 4092 918
335 4037 532 4106 Nihilipphiari
551 4035 586 4104 B,
606 4035 822 4100 NihiliphlariC
880 4035 1002 4089 satinse
1062 4037 1114 4089 919
1132 4035 1230 4090 ansere
1291 4039 1376 4104 potest
1432 4063 1433 4102 1

266 4143 347 4180 neam
363 4131 391 4179 et
406 4127 583 4191 stratopanes
642 4125 694 4177 999
711 4121 985 4188 sacieta(eatieta0)
1001 4126 1107 4190 estque
1167 4121 1274 4176 homini
1332 4121 1374 4175 991
1432 4119 1433 4176 l

268 4213 325 4265 dixi
376 4213 427 4265 999
445 4209 492 4278 qui
511 4225 561 4264 om.
614 4209 707 4262 calent
724 4211 753 4260 et
770 4207 920 4262 fastidiunt
970 4209 1021 4262 999
1038 4207 1210 4276 amplexer-es
1259 4207 1335 4262 harri
1346 4206 1375 4273 B,
1432 4199 1433 4228 r

266 4297 386 4350 herdam
405 4296 427 4348 0
523 4301 634 4363 aetasq3
657 4295 762 4347 alidum
780 4292 816 4356 Β,
840 4299 924 4361 atque
942 4293 1100 4362 squalidum
1119 4293 1142 4348 (l
1241 4297 1292 4349 994
1309 4293 1375 4362 quali

267 4393 309 4434 est
326 4380 361 4448 B,
381 4380 469 4448 qualis
488 4387 531 4434 est
550 4380 573 4434 θ
639 4397 720 4448 qnam
738 4379 784 4432 hio
802 4378 931 4432 horridus
950 4379 1022 4432 nitus
1040 4379 1144 4434 bellum
1163 4379 1193 4434 hi
