3002 5000
788 517 878 571 Plauti
1094 514 1141 582 lv,
1157 518 1182 584 9,
1204 511 1301 580 18-V,
1320 517 1339 578 l¹
1359 514 1381 564 ll

753 706 918 774 Saturio

789 812 914 880 Surdue
937 836 1017 882 eum.
1064 813 1213 880 Ambula.

276 924 420 1008 Sequere
442 925 515 1004 hac,
538 925 687 1004 eoeleste,
709 922 790 988 feles
812 923 1001 1004 uirginaria.

276 1033 418 1119 Sequere
440 1033 512 1112 hac,
536 1052 608 1098 mea
629 1039 738 1115 gnata,
761 1053 812 1096 me
835 1052 939 1116 usque
962 1030 1004 1096 ad
1027 1037 1224 1115 praetorem.

779 1174 899 1256 Uirpo
1474 1239 1475 1248 ,

1260 1257 1385 1339 Sequor.
1474 1261 1475 1274 ¹

377 1761 584 1832 roxiace
625 1760 908 1830 crederem
949 1761 1295 1828 pererratam
1353 1719 1359 1726 ’

754 1934 919 2000 Toxilus

275 2044 434 2111 Hostibus
452 2045 558 2123 uictis,
583 2043 712 2110 ciuibus
729 2041 841 2122 saluis,
863 2064 900 2109 re
918 2040 1060 2128 placida,
1078 2043 1214 2126 pacibus
1230 2041 1387 2127 perfectis,

276 2153 367 2220 Bello
391 2155 567 2232 exstincto,
600 2175 634 2218 re
657 2152 740 2219 bene
763 2158 872 2235 gesta,
903 2151 1031 2234 integro
1062 2152 1208 2218 exercitu
1238 2158 1273 2217 et
1300 2171 1387 2237 prae·

990 2260 1090 2340 cidiis,
1342 2277 1388 2330 751

277 2370 381 2449 Quom
403 2371 485 2436 bene
508 2391 583 2451 nce,
607 2371 769 2456 Iuppiter,
799 2371 931 2448 iuuieti‚
960 2369 1058 2452 dique
1082 2370 1140 2435 alii
1163 2391 1275 2438 omnes
1297 2369 1386 2435 caeli·

988 2483 1151 2563 potentes,

276 2588 341 2654 Eae
362 2587 460 2654 uobis
482 2586 588 2654 hebec
611 2595 720 2671 grates
743 2593 846 2671 etque
868 2607 946 2669 ago,
975 2588 1053 2669 quia
1080 2585 1182 2670 prebe
1211 2609 1282 2654 eum
1308 2587 1388 2652 ultus

989 2716 1098 2760 meum
1120 2696 1296 2762 inimicum.

276 2803 370 2870 Nune
401 2804 442 2870 ob
472 2825 545 2870 eam
573 2825 641 2871 rem
668 2806 755 2870 inter
789 2804 966 2889 participes
1001 2803 1147 2870 diuidam
1175 2805 1331 2888 praedam
1360 2809 1389 2868 et

990 2912 1205 2998 participabo.
1472 2965 1473 3020 p

361 3022 410 3087 Ite
432 3018 536 3102 feras;
559 3020 610 3086 hic
632 3020 707 3086 uolo
730 3027 808 3086 ante
831 3022 948 3086 ostium
972 3029 1005 3087 et
1026 3023 1158 3089 ianuam
1343 3037 1390 3092 755
1472 3021 1473 3068 ³

361 3129 452 3195 Meos
476 3131 653 3214 participes
673 3129 756 3196 bene
780 3131 937 3214 accipere.

319 3315 322 3320 ¹
362 3239 502 3305 Statuite
525 3238 579 3303 hie
600 3237 753 3320 lectuloe;
776 3239 886 3322 ponite
908 3239 971 3314 hic,
996 3260 1081 3323 quae
1104 3239 1262 3306 adsolent.

360 3345 423 3412 Hic
446 3349 549 3414 statui
571 3348 648 3413 uolo
671 3349 811 3430 primum
835 3348 958 3430 aliquid
982 3348 1069 3428 mihi,

278 3455 369 3522 Unde
382 3476 441 3539 ego
454 3457 557 3522 omnis
569 3455 702 3534 hilaros,
722 3456 875 3536 ludentis,
892 3457 1103 3524 laetificantis
1120 3458 1238 3523 faciam
1255 3455 1388 3532 utfiant,
1471 3537 1472 3548 ἵ

267 3565 422 3644 'Quorum
441 3585 542 3650 opera
559 3565 638 3632 mihi
656 3564 769 3630 facilia
785 3567 873 3630 factu
891 3565 981 3631 facta
997 3565 1079 3632 haec
1096 3574 1180 3647 eunt,
1203 3587 1289 3649 quae
1305 3563 1389 3631 uolui
1471 3559 1472 3582 ¹

990 3673 1113 3756 ecfieri;
1343 3688 1390 3742 760

276 3779 359 3847 Nam
381 3780 551 3864 improbus
574 3789 624 3847 eet
651 3781 763 3863 homo,
792 3784 849 3865 qui
876 3782 1071 3850 beneficium
1100 3785 1163 3850 ecit
1191 3785 1338 3868 accipere
1359 3787 1389 3847 et

989 3893 1127 3959 reddere
1149 3893 1262 3960 nescit.
1470 3897 1471 3949 i

277 4013 480 4023 ---—————

361 4098 413 4152 '148
431 4095 595 4166 Sequerat'
683 4097 801 4153 eceleeta
887 4098 938 4152 749
956 4095 1065 4152 natac
1148 4099 1199 4153 750
1215 4093 1390 4168 placidieaB

277 4185 327 4238 752
346 4181 492 4239 Uici-tio
574 4183 664 4239 omnia
682 4182 710 4237 B
799 4185 850 4238 753
868 4187 963 4252 gratae
980 4183 1070 4238 habeo
1088 4183 1116 4239 B
1205 4185 1257 4238 755
1275 4183 1390 4239 hostium

276 4323 328 4376 758
344 4270 429 4391 aliddr
445 4319 481 4390 Β,
500 4321 594 4392 aquila
610 4320 680 4376 mihi
699 4320 723 4378 0
878 4318 1016 4376 teoheec
1034 4319 1102 4376 mihi
1119 4319 1212 4377 facilia
1229 4319 1390 4376 factafacta
1469 4283 1470 4315 ³

276 4409 326 4466 761
346 4407 383 4463 eit
400 4423 509 4465 numere
526 4411 557 4465 et
574 4406 598 4466 0
