3002 5000
275 521 315 581 54
789 511 880 566 pune

751 702 917 767 Toaeilue

274 792 418 874 Aequom
440 790 493 854 hie
515 794 597 855 oret.

721 895 953 978 Sauarietio

620 1005 683 1072 Uiu
706 1005 789 1070 bene
812 1004 945 1069 emere?

734 1147 938 1212 Dordalus

949 1250 1013 1319 Uiu
1035 1259 1072 1318 tu
1095 1253 1208 1336 pulcre
1231 1254 1396 1320 uendere?

753 1375 918 1440 Toaeilue

275 1487 344 1568 Ego
367 1485 435 1551 scie
458 1483 577 1563 hercle,
600 1489 775 1567 utrumque
798 1481 891 1548 uelle.

731 1623 938 1690 Dordalus

886 1731 955 1814 Age
976 1733 1087 1798 indice
1108 1732 1327 1817 prugum-iter.
1345 1751 1397 1803 uee

722 1851 865 1936 Seueri
872 1855 953 1917 etio

278 1963 373 2028 Prius
397 1962 486 2028 dico:
510 1964 594 2029 hune
616 1961 789 2045 meueupio
811 1981 906 2026 nemo
928 1960 990 2025 tibi
1013 1960 1114 2060 dabie.
1159 1960 1230 2026 Iam
1252 1961 1343 2026 scie?

732 2104 939 2170 Dordalus

1311 2211 1398 2278 Seio.
1489 2251 1490 2258 κ

276 2324 398 2404 Iudice,
421 2323 565 2388 minume
588 2321 725 2386 daturne
747 2322 803 2403 qui
825 2321 879 2400 sie,
903 2320 960 2404 qui
983 2318 1057 2384 duci
1080 2325 1188 2403 queat.

754 2463 920 2528 Toxilus

277 2573 371 2655 Teee,
388 2583 478 2656 teee;
501 2574 597 2639 nimie
614 2579 652 2638 tu
663 2571 795 2657 quidem
806 2570 916 2636 hercle
927 2571 1025 2637 home
1036 2569 1155 2637 stultus
1167 2591 1203 2636 ee
1214 2570 1400 2654 pueriliter.

257 2757 263 2762 .
732 2700 940 2766 Dordalus

277 2789 363 2868 Quid
385 2790 457 2855 ita?

777 2895 941 2961 Toxilus

491 3006 576 3084 Quia
598 3007 684 3070 euim
706 3010 739 3070 te
763 3025 802 3068 ex
823 3003 934 3087 puelle
956 3005 1046 3088 prius
1070 3005 1255 3087 peruenturi
1276 3003 1367 3082 uolo,

279 3112 370 3190 Quae
393 3115 434 3180 ed
457 3135 526 3180 rem
548 3113 703 3178 referunt.

733 3242 939 3308 Dordalus

550 3351 657 3435 Atque
679 3351 788 3418 hercle
811 3358 849 3418 tu
870 3372 921 3416 me
944 3353 1101 3417 monuisti
1123 3351 1211 3418 haud
1235 3353 1327 3419 mele.
1350 3373 1404 3426 590

275 3459 358 3526 Uide
382 3461 437 3540 eie,
461 3481 521 3542 ego
542 3459 599 3524 ille
622 3460 738 3526 doetus
760 3459 834 3525 leno
857 3479 961 3544 paene
982 3461 1016 3524 iu
1038 3458 1169 3525 foueam
1192 3461 1309 3540 decidi,

275 3568 317 3634 Ni
339 3569 393 3634 hie
415 3568 555 3635 adesses.
614 3566 780 3644 Quantum
808 3573 858 3634 eet
881 3569 1045 3634 homiuem
1069 3570 1207 3634 amicum
1231 3570 1403 3653 adhibere,
1473 3551 1481 3576 ⁸

988 3675 1045 3740 ubi
1068 3675 1147 3760 quid
1171 3698 1276 3758 geres.

753 3783 919 3849 Touilus

276 3893 348 3971 Quo
366 3913 483 3975 genere
502 3898 560 3958 eut
577 3914 644 3976 que
659 3895 692 3959 iu
710 3894 820 3977 putu-iu
838 3899 918 3959 nete
935 3893 978 3958 eit
989 3899 1047 3959 eut
1058 3894 1177 3976 quibus
1196 3897 1403 3980 pereuiibus‚

360 4132 412 4186 584
428 4132 526 4200 Aequo
543 4130 611 4185 mihi
630 4134 711 4185 eoret
729 4131 768 4199 Β,
796 4148 885 4200 nequo
905 4133 974 4186 mihi
992 4132 1113 4187 eureio
1232 4135 1296 4188 uine
1314 4138 1348 4190 tu
1366 4139 1403 4207 Β,
1483 4169 1484 4194 ι

275 4215 421 4272 UinetuO
519 4217 570 4271 585
587 4216 659 4271 belle
676 4217 703 4270 A
803 4219 854 4271 588
871 4217 964 4272 herele
982 4233 1030 4272 em.
1049 4217 1083 4284 A,
1102 4217 1215 4272 hereule
1232 4219 1260 4273 B
1356 4233 1403 4278 eet

276 4305 326 4357 589
345 4319 379 4357 ex
396 4303 489 4372 puella
506 4308 535 4356 te
553 4304 578 4356 Δ
629 4303 680 4356 580
697 4307 754 4372 atq.
771 4303 805 4371 A,
825 4305 853 4356 et
871 4305 919 4372 qui
937 4303 965 4372 0,
984 4308 1012 4356 et
1030 4303 1142 4378 quidem
1160 4301 1187 4356 B
1242 4305 1357 4362 heroule
1375 4310 1405 4364 Β

276 4389 327 4442 582
344 4389 476 4443 adhibere
495 4387 637 4442 huminum
657 4388 774 4442 amicum
792 4385 843 4442 Be
911 4391 960 4443 598
980 4387 1141 4444 situatae
