2864 5000
229 473 291 540 990
740 465 831 525 Plauti
1114 465 1151 523 11.
1171 473 1195 534 r,
1216 466 1336 522 rec-em

660 660 915 727 Lesbonicus

229 772 334 838 Meam
356 769 612 855 neglegentiam

687 877 890 943 Stasimus

650 986 666 1050 1
687 986 793 1050 modc.
842 1065 848 1079 ‚

663 1105 915 1171 Lesbonicus

840 1213 953 1296 Neque
974 1212 1057 1277 enim

688 1333 889 1399 Stasimus

1103 1419 1128 1483 I
1143 1419 1243 1484 mode.

662 1527 914 1594 Lesbonicus

231 1641 379 1725 Aequom
402 1637 542 1715 uidetur,
566 1637 643 1720 quin
666 1636 754 1719 quod
777 1636 940 1720 peccarim

689 1755 894 1821 Stasimus

975 1841 991 1904 1
1014 1840 1118 1907 modo.
1299 1857 1346 1910 500

662 1949 916 2014 Lesbonicus

231 2061 452 2128 Potiasumum
477 2057 555 2124 mihi
578 2059 611 2124 id
635 2058 729 2125 obsit.

693 2177 894 2244 Stasimus

782 2286 798 2350 Ι
822 2286 928 2352 modo.

665 2405 918 2486 Lesbonicus

413 2565 421 2580 .
973 2513 1000 2579 0
1023 2519 1127 2598 pater,

232 2603 280 2669 En
303 2622 459 2686 umquam
481 2600 638 2684 aspiciam
660 2601 716 2666 te?

691 2719 892 2785 Stasimus

751 2827 767 2892 I
791 2828 898 2908 modo,
921 2829 931 2892 i
956 2827 1063 2908 modo,
1086 2829 1097 2893 i
1118 2829 1226 2894 modo.

232 2938 376 3006 Tandem
399 2937 563 3020 inpetraui
587 2935 702 3002 abiret.
748 2937 798 3016 Di,
822 2945 969 3003 nostram
990 2937 1097 3016 fidem,

232 3047 360 3131 Edepol
382 3068 417 3112 re
441 3051 536 3128 gesta
558 3066 710 3128 pessume
733 3053 861 3128 gestam
885 3046 994 3129 probe,

233 3157 267 3222 Si
290 3156 421 3241 quidem
445 3173 523 3234 ager
545 3152 639 3220 nobis
663 3154 774 3220 saluos
798 3161 857 3237 est,
887 3157 951 3219 etsi
974 3153 1149 3220 admodum
1298 3170 1345 3222 090

233 3266 270 3329 ln
293 3265 447 3347 ambiguo
471 3267 520 3327 est
543 3263 641 3327 etiam
664 3284 761 3344 nunc,
786 3263 863 3347 quid
888 3284 927 3327 ea
948 3283 984 3328 re
1007 3261 1086 3327 fuat.

232 3366 266 3434 Si
289 3369 318 3433 ia
341 3366 512 3449 alienatur,
535 3376 680 3436 actumst
702 3371 743 3435 de
766 3370 851 3438 collo
876 3391 955 3447 mec,

233 3475 436 3541 Gestandust
458 3499 593 3562 peregre
616 3479 757 3562 clupeus,
781 3479 888 3562 galea,
909 3480 1048 3546 sarcina.

232 3584 382 3666 Eciugiet
405 3607 444 3649 ex
467 3586 560 3666 urbe,
583 3587 638 3652 ubi
663 3596 760 3653 erunt
781 3586 888 3654 factae
911 3590 1062 3672 nuptiae;
1193 3659 1198 3667 ,

230 3693 296 3759 Ibit
317 3693 337 3770 †
359 3695 443 3758 istac
466 3695 577 3779 aliquo
598 3697 632 3760 in
655 3718 839 3761 maxumam
864 3695 983 3762 malam
1006 3717 1135 3762 crucam
1295 3710 1340 3763 000

230 3801 486 3881 Latrocinatum¹
511 3809 569 3868 aut
590 3805 623 3868 in
646 3805 758 3869 Asiam
782 3807 895 3870 autin
919 3804 1076 3870 Ciliciam.

231 3909 291 3974 Ibo
314 3910 378 3974 huc
401 3932 465 3995 quo
490 3911 567 3975 mihi
589 3913 827 3995 imperatumat‚
851 3915 914 3978 etsi
939 3913 994 3979 odi
1016 3912 1101 3978 hanc
1125 3913 1263 3990 domum,

231 4016 411 4101 Postquam
435 4019 625 4085 exturbauit
648 4021 701 4085 hic
724 4043 783 4087 noa
806 4023 928 4088 nostris
952 4022 1098 4088 aedibus.

318 4189 368 4241 589
387 4189 397 4240 l
417 4189 501 4242 modo
519 4207 535 4243 ο
554 4195 635 4259 peter
697 4193 747 4245 590
764 4209 909 4261 peccarem
927 4191 962 4260 B,
979 4209 1127 4261 peccatum
1149 4191 1172 4247 0
1228 4191 1274 4244 997
1289 4184 1337 4239 Sed

232 4273 262 4327 id
279 4273 303 4328 ai
380 4279 473 4328 actum
491 4275 515 4328 ai
592 4278 642 4330 598
660 4275 804 4331 Gestandu
823 4279 845 4334 ai
864 4276 898 4345 Β,
918 4277 1100 4347 gastandai)
1179 4279 1228 4332 603
1245 4289 1290 4329 nce
1307 4287 1336 4324 ex

232 4359 335 4414 nostrie
401 4361 518 4414 aedibus
537 4361 654 4416 callides
674 4363 807 4417 Stasimus
825 4362 853 4416 B

694 4491 737 4496 —-
753 4491 863 4498 ------
883 4493 895 4498 -
