2898 4996
127 457 130 466 '
262 469 323 532 232
775 463 868 518 Pauu
1145 461 1190 530 lv,
1210 467 1232 531 1,
1251 464 1364 528 ea-ar

696 653 944 737 Epignomm

263 762 337 829 Uidi
360 762 476 846 edepol
498 762 662 828 hominem
686 762 774 828 haud
797 762 992 846 perdudum.

671 904 975 988 Pamphilippus

926 1012 1011 1091 Quid
1034 1016 1125 1098 agit?

696 1156 941 1239 Epiprromus

1084 1263 1177 1342 Quod
1198 1264 1365 1332 famelicus.

671 1397 977 1478 Pamphilippue

263 1503 346 1582 Quin
368 1507 497 1571 uooaati
519 1505 682 1574 homiuem
704 1504 747 1571 ad
770 1505 904 1570 cenam?

697 1649 944 1730 Epignomue

821 1753 870 1823 Ne
896 1756 975 1839 quid
999 1755 1177 1823 adueniens
1201 1757 1366 1842 perderem.

265 1866 370 1950 Atque
382 1885 495 1932 eooum
508 1864 568 1932 tibi
581 1865 697 1949 lupum
709 1865 743 1928 iu
755 1884 920 1945 sermoue;
944 1885 1099 1949 praeseus
1112 1866 1261 1932 esuriens
1273 1866 1363 1932 adest.

670 2005 974 2088 Pamphilippus

265 2117 483 2185 Ludificemur
503 2117 677 2182 homimem.

702 2257 948 2344 Epignomus

712 2367 824 2452 ·Gapli
847 2368 961 2434 oonsili
984 2389 1158 2436 memorem
1183 2390 1298 2437 moues.
1324 2385 1367 2438 580

362 2899 614 2966 GELASIMUS.
661 2899 980 2968 PAMPHILIPPUS.
1027 2899 1281 2967 EPIGNOMUS.

709 3071 945 3137 Gelasimus

130 3251 134 3260 ,
267 3180 343 3265 [Sed
367 3182 400 3246 id
424 3181 510 3265 quod
534 3181 646 3265 oooepi
669 3201 804 3246 narrare
827 3180 935 3246 uobis:
960 3201 1059 3265 quom
1081 3181 1135 3246 hio
1157 3203 1221 3248 mou
1243 3177 1336 3261 adfui]

266 3291 346 3357 Cum
368 3290 480 3355 amieis
504 3288 686 3354 deliberaui
709 3290 774 3354 iam
798 3297 831 3355 et
853 3310 925 3355 oum
949 3290 1096 3372 cognatis
1120 3290 1210 3356 meis.

267 3398 318 3464 lta
335 3397 413 3463 mihi
433 3402 586 3462 auctores
603 3397 703 3477 luere,
725 3403 762 3462 ut
779 3405 908 3480 egomet
925 3418 975 3462 me
988 3395 1087 3463 hodie
1098 3397 1274 3481 iugularem
1285 3395 1362 3460 fame.

197 3586 200 3592 Ι
267 3506 330 3572 Sed
343 3507 480 3571 uideoue
493 3526 553 3588 ego
565 3505 826 3590 Pamphilippum
844 3527 918 3572 eum
935 3506 1037 3573 fratre
1050 3507 1253 3591 Epignomo?
1275 3505 1361 3586 Atque

978 3617 1007 3681 is
1030 3621 1092 3681 eet.

266 3723 447 3804 Adgrediar
469 3723 640 3788 hominem.
676 3723 813 3806 Sparata
836 3723 1075 3808 Pamphilippe,
1098 3744 1118 3789 ο
1142 3745 1218 3807 spes
1236 3741 1308 3800 mea,
1324 3733 1362 3786 585

268 3830 390 3896 Omea
411 3832 491 3908 uita,
516 3853 534 3896 o
557 3852 630 3897 mee
653 3830 815 3915 uoluptaa‚
839 3832 939 3898 salue.
985 3831 1118 3897 Saluum
1141 3831 1266 3916 gaudeo
1298 3849 1301 3856 ’

266 3939 405 4023 Peregre
429 3947 462 4005 te
485 3941 517 4004 in
542 3941 682 4023 petriam
705 3940 838 4006 redisse.

354 4180 472 4233 ero-'te
490 4177 580 4232 haud.
592 4176 764 4233 ..hominem
782 4193 832 4233 om.
849 4178 878 4232 Β
946 4179 997 4232 577
1014 4177 1158 4233 hominem
1176 4179 1211 4234 ad
1230 4170 1363 4236 emnamss}

270 4261 341 4329 Quid
359 4265 419 4333 agit
438 4265 459 4318 G
535 4265 585 4317 5⁷8
602 4263 756 4332 perdedere
774 4263 801 4317 B
882 4263 932 4318 579
951 4267 1041 4318 eotum
1060 4261 1088 4317 Β
1171 4265 1221 4318 580
1238 4253 1364 4318 consiliii]

271 4348 318 4400 581
338 4347 391 4400 Sed
411 4349 451 4402 ita
469 4347 545 4417 quod
615 4348 665 4401 584
683 4350 816 4417 pignomo
903 4349 953 4402 587
971 4347 1087 4403 rediiare
1104 4348 1131 4402 A
