2920 4998
570 419 599 473 V.
621 421 729 476 43-97.
1144 424 1204 484 567

51 635 99 691 p.
135 618 197 674 55:
235 635 312 690 „non
341 635 390 673 eos
413 621 534 693 optume
557 617 678 688 vixisse,
711 617 762 692 qui
785 615 949 674 diutissime
973 615 1130 689 vixissent,
1153 616 1204 674 sed

55 720 131 794 qui
161 715 407 778 modestissime“.
452 718 617 790 Acidalius,
647 739 732 794 quem
762 718 795 777 R.
820 724 889 776 cett.
913 722 1085 795 sequuntur,
1109 723 1204 777 trane

55 823 201 898 posuit:
238 827 290 895 „ut
319 821 369 879 diu
397 822 526 894 uiuitur,
561 822 636 880 bene
666 816 808 893 uiuitur“,
844 822 928 897 quasi
958 821 1104 888 sententie
1127 827 1206 880 esset

62 926 249 1006 „optimam
283 926 374 984 vitum
409 944 473 982 csse
507 945 580 997 cem,
616 925 663 982 cui
698 925 876 994 assueveris;
911 924 1022 998 optime
1056 923 1115 981 vivi
1146 942 1204 1000 quc

60 1028 174 1086 modu
196 1027 246 1084 diu
268 1023 413 1098 vixeris“;
445 1027 496 1085 sed
525 1033 587 1084 tum
615 1029 646 1085 in
674 1028 822 1085 sententie
843 1026 970 1102 relative
992 1044 1051 1083 non
1074 1043 1205 1102 praesens

59 1137 202 1205 tempas
229 1129 279 1186 sed
308 1131 471 1208 perfectum
498 1129 666 1206 ponendum
697 1134 768 1188 eret.
818 1129 978 1206 Bergkiue,
1011 1147 1112 1206 progr.
1136 1129 1202 1187 Hal.

67 1234 178 1304 1862,
202 1252 317 1290 versum
340 1236 473 1310 spurium
497 1221 605 1306 censet,
628 1239 658 1290 et
681 1232 753 1316 mihi
776 1251 892 1309 quoque
911 1231 1034 1290 eundem
1053 1239 1204 1290 auctorem
1282 1239 1285 1247 ’

62 1355 190 1412 sapere
211 1327 330 1393 videtur
352 1341 441 1411 etque
465 1337 589 1394 73-75
613 1339 644 1392 et
667 1335 716 1394 94.
743 1363 779 1375 -
811 1336 860 1394 66.
892 1325 984 1405 aufer
1005 1328 1204 1406 redimeret,

64 1440 115 1497 cf.
143 1438 225 1496 Pers.
251 1439 321 1496 tec.
356 1439 438 1496 Asin.
465 1439 534 1496 328.
557 1468 599 1478 -
622 1440 672 1497 67.
694 1433 790 1496 uenio
811 1438 845 1494 A.

172 1543 220 1598 68.
254 1533 440 1618 obierim,
468 1547 502 1598 ut
523 1543 550 1599 A
572 1532 609 1598 v.¹
624 1541 673 1611 70,
697 1539 808 1598 Ritsch.
833 1539 938 1617 Opusc.
963 1538 992 1597 ΙΙ
1014 1560 1043 1617 p.
1068 1542 1142 1600 428.
1162 1571 1204 1581 —

69 1645 133 1703 70.
163 1636 247 1718 Quia
267 1643 302 1702 tu
323 1643 358 1702 A.
382 1670 423 1682 —-
448 1646 498 1702 71.
521 1643 554 1701 tu
576 1657 625 1702 me
645 1637 786 1700 mihimet
806 1643 841 1701 A.
862 1671 903 1682 -
928 1645 976 1702 72.
1001 1639 1149 1721 antiquae
1168 1645 1203 1703 A.

68 1775 121 1787 -
150 1734 241 1817 aries,
263 1747 467 1821 ἐπιτηδεύματα,
492 1746 526 1803 ci.
548 1746 614 1804 Ter.
633 1744 725 1804 Andr.
746 1747 784 1805 32
803 1765 883 1822 sqq.:
911 1745 1009 1817 „Nihil
1031 1747 1106 1804 istuc
1129 1765 1204 1823 opus

68 1857 127 1907 est
159 1853 222 1906 arte
252 1849 291 1906 ad
318 1849 394 1906 hauc
423 1868 595 1926 remquam
619 1868 708 1924 pero,
740 1848 798 1907 Sed
820 1850 863 1906 eis
886 1868 959 1926 quas
982 1868 1100 1926 semper
1120 1851 1151 1906 in
1173 1855 1204 1908 te

70 1951 218 2010 intellexi
241 1955 327 2024 situs,
363 1952 437 2011 Fide
466 1959 496 2010 et
524 1947 760 2010 taciturnitate.“
796 1952 874 2010 infra
897 1953 967 2011 229.
1003 1981 1044 1991 -
1078 1953 1202 2011 ‘le-*15

71 2075 150 2112 cum
173 2054 331 2113 Bitschelic
354 2059 472 2131 spurios
495 2075 610 2114 censeo.
663 2054 815 2114 Acidaliae
844 2074 871 2114 ι.
896 2056 934 2113 73
958 2056 1093 2133 proximu
1121 2060 1204 2133 post·

71 2156 215 2235 ponebat
241 2177 297 2234 pro
329 2152 417 2231 „Sin“
450 2157 580 2217 scribens
606 2153 725 2231 „Siue“.
756 2187 796 2198 -
829 2160 878 2217 75.
913 2158 974 2232 eal,
999 2179 1026 2218 v.
1050 2157 1088 2215 ad
1117 2157 1201 2236 Gept.

77 2262 158 2320 677.
189 2291 222 2298 -
256 2263 304 2318 et.
334 2260 363 2318 te
384 2255 493 2320 cidere
515 2255 682 2337 audireque
710 2257 845 2338 eeyrote',
874 2264 893 2320 i.
918 2281 941 2318 e.
967 2267 998 2318 te
1021 2259 1150 2320 videndo
1174 2265 1205 2319 et

76 2363 247 2436 undieud03
271 2367 350 2422 visus
372 2369 403 2421 et
425 2363 544 2422 auditus
566 2369 634 2422 tuus
656 2365 693 2421 iis
717 2364 837 2421 morbus
860 2367 913 2436 est,
938 2383 964 2422 v.
989 2365 1027 2422 ad
1044 2365 1110 2424 Aul.
1132 2365 1201 2424 333.

77 2495 124 2506 -
156 2466 204 2525 80.
234 2465 269 2524 cf.
294 2467 375 2526 Asin.
401 2467 476 2524 767:
513 2465 718 2544 „Suspiciones
741 2467 835 2526 omnis
858 2466 893 2523 ab
917 2486 948 2526 sc
970 2464 1137 2545 segreget“.
1161 2498 1204 2508 -

80 2572 137 2628 82.
164 2582 314 2645 promus,
349 2571 385 2628 ci.
410 2569 473 2627 Mil.
499 2569 568 2628 836.
638 2568 859 2637 „Innocentiam
891 2576 1036 2645 praetere
1069 2591 1202 2649 possum

79 2670 156 2749 quid
188 2672 320 2730 homiues
354 2672 390 2731 de
427 2691 472 2729 mc
502 2672 677 2748 loquantur,
712 2691 770 2730 non
804 2667 941 2749 possum“
984 2673 1135 2732 Erasmus.
1166 2675 1201 2733 ci.

75 2775 162 2834 'infra
188 2775 245 2834 104
268 2795 312 2851 sq.
325 2803 366 2814 --
385 2775 434 2850 86.
461 2768 523 2848 Qui
539 2773 668 2850 Scaliger
689 2795 742 2834 em.
756 2804 797 2815 -
809 2771 843 2834 itt
863 2770 1018 2834 columine
1029 2777 1063 2848 A,
1087 2778 1118 2833 in
1142 2777 1204 2835 cul·

81 2881 172 2952 minc,
196 2881 231 2937 cf.
254 2877 361 2953 Amph.
387 2879 458 2936 363.
492 2875 579 2954 Epid.
608 2880 674 2936 190.
726 2879 861 2956 luppiter
888 2877 1042 2955 quadrigis
1065 2879 1203 2938 insistens

82 2986 115 3042 in
149 2983 266 3057 fastigio
300 2980 405 3058 templi
437 2979 536 3038 fictilis
570 2985 644 3052 eret,
680 3003 706 3039 v.
735 2980 811 3040 Plin.
842 2981 877 3040 H.
908 2981 944 3042 N.
967 2981 1095 3055 XXXV,
1134 2984 1202 3043 157.
1239 3001 1245 3012 ¹

82 3085 163 3144 Plut.
176 3085 287 3152 Public.
303 3086 349 3142 13.
370 3084 406 3142 ci.
427 3083 626 3160 anaglyphum
650 3082 812 3142 Romanum
836 3085 916 3143 Mon.
935 3080 1003 3144 dell’
1020 3084 1092 3144 luet.
1106 3085 1139 3160 V,
1153 3087 1202 3145 36.

83 3187 208 3248 Denlsm.
238 3207 264 3246 e.
293 3188 329 3245 K.
358 3187 390 3245 Π
415 3209 442 3247 n.
477 3191 524 3247 13.
582 3187 720 3245 Archtol.
749 3187 824 3248 Zeit.
853 3209 880 3246 ιι.
905 3187 938 3246 F.
962 3189 987 3246 V
1016 3189 1057 3265 pl.
1083 3191 1132 3248 5⁷.
1163 3217 1201 3229 -

83 3292 130 3351 De
151 3293 277 3370 repetito
306 3288 337 3350 si
358 3311 386 3348 v.
409 3293 447 3350 ed
469 3292 559 3352 Mero.
586 3296 656 3354 796.
680 3294 758 3352 infre
780 3294 819 3351 96
844 3311 887 3368 sq.
911 3321 952 3332 -
981 3293 1020 3351 89
1045 3312 1080 3350 ex
1103 3294 1138 3351 A.
1161 3321 1203 3334 -·

85 3398 136 3455 91.
162 3388 241 3469 Quoi
256 3393 369 3469 pectus
391 3392 504 3470 sepiat,
530 3397 566 3455 ci.
591 3397 628 3455 ad
651 3397 714 3456 Mil.
735 3397 805 3455 786.
826 3425 866 3435 -
889 3390 974 3454 laud
996 3390 1099 3454 dicum
1121 3389 1201 3468 dole,

85 3498 122 3558 ci.
140 3497 176 3556 ed
194 3497 272 3556 Men.
293 3499 362 3556 226.
387 3527 428 3536 -
452 3500 501 3558 93.
525 3493 611 3566 Steti
633 3515 773 3577 quorum.
820 3499 994 3556 Rectissime
1016 3499 1058 3556 sic
1080 3500 1201 3562 tertium

84 3603 222 3661 infertur:
257 3602 329 3660 alios
358 3600 414 3658 sibi
443 3604 551 3660 emices
579 3623 641 3662 esee
665 3603 736 3675 ecit,
765 3601 1042 3678 aliossuspicatu1·,
1078 3603 1114 3660 dc
1137 3602 1203 3661 aliis

85 3705 156 3784 quid
177 3705 258 3763 dicat
279 3723 403 3780 prorsus
433 3723 490 3761 nou
519 3706 621 3784 liquet.
673 3719 792 3784 nequeo
815 3703 981 3776 Acidaliae,
1016 3698 1107 3782 idque
1135 3725 1202 3764 cun-

85 3811 182 3868 firmet
199 3808 241 3880 A,
264 3807 315 3865 ubi
338 3803 451 3885 „queo“
476 3811 539 3866 sine
562 3807 653 3867 dubio
676 3809 748 3882 luit3
782 3827 835 3866 nec
857 3805 980 3884 probari
1002 3813 1102 3885 potest
1123 3809 1202 3884 quod

86 3911 121 3970 R.
144 3910 188 3969 ed.
212 3911 240 3968 11
262 3911 339 3969 hunc
361 3929 478 3968 versum
507 3912 593 3969 eiecit
621 3931 680 3970 unu
703 3932 768 3970 cum
790 3911 940 3987 proximo,
972 3929 1057 3986 quem
1080 3909 1201 3988 Pererg.

86 4035 116 4090 p.
139 4015 196 4072 517
225 4015 290 4072 iure
317 4015 518 4090 impugnavit,
548 4035 613 4072 nam
643 4015 681 4073 ud
710 4015 796 4073 amici
823 4018 937 4091 partem
964 4015 1120 4090 pervenire
1147 4025 1203 4091 p‘ro

88 4135 122 4173 ec
143 4116 220 4193 qued
244 4122 289 4175 est
312 4118 417 4175 amieis
440 4116 691 4176 adnumerandum
715 4137 779 4174 csse
799 4116 906 4174 Latine
929 4114 987 4174 diei
1011 4135 1069 4176 non
1090 4122 1201 4194 potest.

89 4248 125 4260 -
149 4214 299 4279 95..mtlu'
321 4234 354 4279 es
376 4241 431 4298 pru
455 4239 514 4278 unu
535 4220 649 4295 syllaba
671 4220 836 4297 legendum.
864 4247 905 4258 -
934 4220 983 4278 97.
1011 4214 1049 4278 id
1069 4233 1131 4278 non
1154 4235 1203 4279 me
1291 4271 1294 4278 .

89 4312 212 4382 acuens
235 4323 362 4398 Reiziue,
387 4322 422 4381 cf.
435 4323 501 4380 Ter.
514 4322 633 4382 Phorm.
647 4325 724 4383 914:
760 4322 858 4397 „Quae
880 4327 944 4382 tute
968 4321 1079 4380 dudum
1102 4341 1199 4381 curam
