2920 4998
529 463 560 518 v.
580 465 724 518 eal-414.
1126 469 1187 530 539

52 657 97 715 R.
133 652 358 736 „Pamphilum“
390 677 426 716 ex
454 657 482 714 Α
510 657 759 734 amplectebatur,
794 661 930 735 quamvis
958 677 994 716 ex
1021 657 1088 716 aliis
1115 657 1188 715 locis

54 759 270 838 Pamphilippi
292 779 400 819 nomen
417 765 530 820 certum
549 762 596 832 eit,
619 779 646 818 v.
660 779 749 838 snpra
764 781 793 838 p.
808 762 879 819 524.
923 760 1028 837 Itaque
1045 759 1187 819 Goetzius

55 881 130 920 cum
156 865 263 920 ceteris
286 862 387 922 codd:
418 861 697 941 „Pamphilippumi
730 861 796 920 Non
816 859 938 921 adest?“
963 861 1106 938 neglectis
1122 882 1189 940 epa·

52 965 114 1022 tiis
126 984 321 1041 personarum
338 969 424 1023 notas
441 964 651 1024 indicantibus.
686 965 806 1023 Rectius
824 964 912 1024 credo
925 964 1031 1042 Rerglr.
1044 964 1188 1023 Zeitecbr.

54 1065 77 1122 1.
99 1066 165 1125 Alt.
187 1069 266 1126 1850
286 1089 316 1146 p.
336 1069 412 1126 334:
442 1063 565 1126 sororis
589 1060 783 1142 Pamphilae.
835 1067 920 1140 Quod
941 1065 1095 1125 Pinacium
1117 1067 1187 1125 sim-

54 1170 185 1246 pliciter
212 1165 290 1229 Non
321 1169 483 1247 respondet
516 1190 571 1247 pro
600 1169 686 1241 „Non
714 1167 808 1241 uidi“,
843 1168 879 1226 cf.
910 1167 975 1229 Cae.
1006 1171 1076 1228 382.
1121 1169 1187 1228 Ter.

54 1270 174 1330 Heaut.
195 1273 265 1330 894.
300 1271 359 1330 Cic.
379 1271 463 1330 Verr.
483 1271 521 1344 ΙΙ,
546 1273 596 1348 43,
623 1274 692 1331 108.
727 1270 848 1342 Quintil.
865 1271 917 1344 XI,
939 1273 964 1344 l,
990 1275 1038 1332 50.
1062 1301 1104 1312 -
1127 1274 1187 1332 395

54 1393 99 1431 ex
124 1374 161 1446 A,
186 1377 243 1432 nisi
266 1374 346 1452 quod
368 1373 749 1434 ibi.SIMITUMEElBAT
771 1374 920 1446 legerunt,
949 1375 1068 1434 incertis
1090 1382 1189 1434 tamen

54 1475 169 1535 EEIB.
214 1472 338 1550 simitu,
373 1478 409 1536 cl.
435 1479 506 1537 251.
556 1476 671 1536 Goetz.:
710 1477 768 1548 „mi
797 1477 898 1538 cibant
926 1475 1006 1548 illi“;
1040 1497 1095 1553 ego
1124 1497 1189 1536 curn

54 1579 230 1656 Geppertio
254 1579 337 1638 Stnd.
361 1580 388 1638 II
410 1600 440 1656 p.
464 1581 639 1639 43.retinui
666 1570 749 1638 aibat
776 1572 842 1649 ille,
871 1578 1064 1655 Epignomus.
1108 1580 1189 1638 Non·

54 1681 133 1738 dum
160 1682 273 1754 oderat,
298 1682 350 1740 aed
373 1689 473 1764 tumen
496 1681 583 1740 simul
604 1682 719 1741 venisse
743 1681 800 1739 dici
823 1687 952 1758 poterat,
977 1683 1028 1757 qni
1050 1681 1190 1760 perbrevi

55 1785 225 1842 intervallo
248 1791 402 1844 secuturus
426 1789 498 1857 erat,
528 1805 555 1843 r.
580 1786 641 1842 417
664 1803 708 1860 eq.
732 1812 772 1824 -
797 1781 891 1857 silua,
926 1786 961 1844 cf.
985 1783 1057 1842 Hor.
1082 1784 1141 1842 Set.
1166 1785 1188 1856 Ι,

60 1889 115 1958 10,
142 1889 191 1946 92.
226 1888 315 1964 Prop.
334 1888 386 1962 lll,
405 1889 454 1960 23,
475 1889 662 1946 23.-397.
686 1883 809 1946 Iinlro
832 1879 1002 1946 Pinacium
1018 1880 1189 1946 A.—itebe

56 1981 205 2060 famulos
227 1987 387 2065 adparent,
411 1991 446 2049 cf.
470 1989 550 2048 Men.
569 1990 644 2049 936:
683 1989 747 2062 „Tu
768 2008 871 2049 seruos
892 1990 961 2048 iube
983 1991 1060 2049 huuc
1082 1989 1121 2048 sd
1142 2011 1189 2050 me

56 2070 199 2164 ferant“,'
219 2093 255 2152 cf.
280 2094 318 2151 sd
341 2093 446 2151 Bacch.
471 2095 542 2151 990.
577 2093 666 2150 Most.
691 2094 762 2151 912.
792 2121 830 2132 -
862 2095 932 2152 398.
961 2088 1189 2167 administrem,

57 2196 104 2254 ad
127 2215 189 2252 rem
213 2197 351 2269 divinam,
374 2201 409 2254 ut
431 2194 518 2274 Elpid.
543 2197 613 2254 418.
633 2225 676 2236 -
700 2197 771 2254 399.
793 2193 983 2272 prooemiali,
1007 2219 1034 2256 v.
1052 2197 1090 2254 ad
1108 2197 1188 2255 Men.

60 2299 139 2357 945.
188 2290 330 2372 ,5555555645
356 2300 398 2356 ait
419 2297 535 2356 Nonius
557 2319 586 2376 p.
613 2300 673 2356 514
700 2298 869 2371 ,1555111555Ι
911 2298 1026 2358 Ennius
1048 2299 1188 2358 Foenice:

57 2401 108 2462 Ut
131 2403 212 2477 quod
234 2403 342 2460 factum
366 2407 410 2460 est
432 2400 540 2473 futtile,
565 2402 659 2472 amici,
682 2419 738 2458 uoe
760 2399 864 2458 feratis
887 2397 1034 2460 fortiter“.
1052 2431 1094 2442 -
1116 2404 1189 2462 400.

59 2498 131 2576 ille,
156 2503 388 2582 Pamphilippua.
414 2533 451 2545 -
476 2504 548 2562 401.
571 2498 682 2576 libret,
708 2503 743 2561 cl.
769 2505 840 2562 456.
886 2504 968 2564 Pera.
995 2506 1064 2564 391.
1091 2533 1127 2545 -·
1153 2501 1191 2564 de

61 2601 164 2665 dictis
185 2587 377 2679 melioribud,
401 2608 437 2665 cl.
461 2607 544 2683 capt.
571 2608 642 2665 481.

80 2974 82 2978 .
155 2917 225 2974 403.
261 2914 444 2991 Epignomus
472 2917 502 2973 in
530 2917 658 2995 putrium
683 2894 780 2972 redux
809 2912 946 2990 Neptuno
975 2919 1006 2970 et
1029 2920 1188 2988 tempesta·

61 3017 148 3078 tibus
171 3019 282 3092 gratim
305 3019 382 3091 agit,
417 3017 497 3094 quod
525 3039 556 3076 ee
585 3017 698 3076 salvum
722 3015 898 3075 reduxerint
937 3015 986 3088 (cf.
1008 3015 1092 3092 Cept.
1117 3018 1188 3076 917.

63 3121 159 3180 Most.
178 3122 249 3180 422.
280 3119 343 3178 Mil.
364 3121 435 3179 413.
467 3119 542 3180 Rud.
564 3122 635 3180 895.
666 3121 747 3178 Trin.
768 3113 852 3191 821),
871 3118 1086 3195 Mercurioque,
1111 3119 1189 3195 qnod

63 3229 235 3282 mercatura
257 3243 287 3281 ee
316 3224 464 3282 ditaverit.
519 3224 686 3283 eouewrtor
712 3218 851 3294 domum,
879 3227 1027 3296 revertor,
1056 3221 1092 3280 cf.
1116 3223 1187 3282 415.

64 3326 146 3385 Rud.
163 3327 251 3385 1138.
267 3355 305 3366 -·
326 3327 397 3384 404.
423 3318 670 3401 Tempestatibus
688 3325 779 3384 aedem
797 3327 912 3383 vovieee
926 3345 952 3382 a.
968 3326 1026 3384 259
1040 3345 1066 3382 s.
1079 3324 1147 3383 (lbr.
1158 3346 1187 3384 n.

65 3435 99 3488 et
121 3427 273 3486 dedicasse
296 3429 330 3488 L.
349 3428 516 3506 Scipionem
540 3428 695 3500 consulem,
720 3431 752 3485 et
774 3446 810 3484 ex
832 3427 922 3484 titulo
945 3429 1009 3486 eiua
1031 3428 1190 3505 sepulcrali

65 3531 99 3590 C.
124 3531 147 3588 I.
171 3529 203 3588 L.
227 3532 240 3589 l
262 3551 290 3589 n.
317 3534 355 3590 32
386 3538 416 3587 et
444 3552 480 3590 ex
508 3530 607 3590 Ovidii
629 3529 710 3588 Fast.
735 3527 788 3602 Vl,
822 3532 879 3588 193
903 3535 1028 3587 constat.
1052 3559 1093 3568 -
1116 3531 1187 3589 407.

66 3621 173 3704 adfeci
184 3634 219 3692 Δ.
237 3661 279 3672 -
298 3635 368 3692 408.
392 3628 539 3692 laetantia
561 3626 686 3706 faciam,
710 3653 737 3691 v.
751 3633 789 3691 sd
800 3633 906 3691 Pseud.
921 3634 990 3690 325.
1026 3630 1189 3690 Verborum

67 3736 203 3796 ordinem
216 3736 315 3794 hiatus
331 3756 418 3794 cauea
435 3737 562 3794 mutavit
573 3735 619 3795 Fl.
635 3738 684 3794 vix
700 3737 876 3794 necessario.
888 3764 931 3775 -
948 3736 1020 3792 409.
1044 3729 1189 3810 adfinem,

66 3859 212 3911 socerum,
248 3843 283 3897 ut
305 3838 372 3896 Aul.
398 3840 468 3897 528.
499 3868 540 3878 -
564 3840 635 3896 410.
667 3832 843 3897 inimicitia.
888 3837 1051 3910 Singularis
1074 3837 1190 3894 numeri

65 3962 161 4012 nsum,
186 3961 272 4018 quem
296 3939 328 3999 G.
352 3940 451 3998 Cesar
473 3939 704 4018 improbaverat,
728 3939 817 3998 Ennii
842 3942 1021 3997 anctoritate
1042 3957 1070 3997 v.
1094 3939 1122 3997 d.
1141 3959 1188 4017 ap.

67 4045 144 4106 Gell.
167 4043 255 4115 xlx,
287 4045 320 4114 8,
351 4045 367 4101 6
393 4040 540 4114 defendit3
576 4044 611 4100 cf.
635 4042 695 4101 (lic.
719 4043 805 4100 Tusc.
829 4041 878 4114 lv,
907 4045 939 4115 9,
972 4042 1021 4100 21.
1046 4070 1084 4081 -
1116 4043 1188 4101 411.

68 4143 146 4226 quid
160 4145 268 4220 polest
282 4141 435 4220 pecunia3
470 4165 523 4203 nec
549 4149 639 4219 negat
666 4149 730 4222 ipse
752 4143 885 4220 Antipho
906 4165 935 4204 v.
960 4145 1029 4202 520.
1053 4173 1094 4185 —-
1117 4146 1189 4204 412.

68 4249 157 4329 pcata
172 4247 253 4307 ren.
273 4277 310 4289 -
331 4250 402 4308 414.
426 4247 495 4307 siue
512 4241 683 4320 aduocatis,
707 4249 808 4306 amicis
831 4247 1041 4320 communibus,
1064 4265 1189 4323 quornm

69 4371 159 4429 opera
182 4353 294 4409 reditio
316 4352 346 4408 in
368 4352 496 4428 gratiam
519 4347 584 4406 fieri
607 4351 690 4408 solet.
720 4377 757 4389 -
789 4343 905 4408 ibidem
926 4345 961 4408 in
983 4363 1115 4419 cervaru,
1140 4367 1189 4426 ep-
