3002 5000
278 470 318 529 74
791 464 883 520 Plauti
1203 464 1278 533 Μ,
1299 467 1388 520 le-ce

278 652 322 719 Ut
344 674 396 719 me
417 654 451 718 in
473 653 573 720 tricas
595 655 787 720 coniecisti?
820 654 983 737 quomodo
1007 654 1046 720 de
1063 653 1166 720 Persa
1188 675 1302 720 manus
1319 655 1389 721 nihi

991 761 1082 828 adita
1105 763 1176 829 est?

756 881 922 948 Toxilus

277 987 422 1070 Iurgium
444 987 520 1054 hinc
542 989 682 1070 auferas,

276 1096 310 1162 Si
334 1097 452 1181 sapias.

735 1206 943 1274 Dordalus

452 1316 602 1383 Athona
623 1315 754 1394 liberta,
777 1315 859 1382 haec
880 1315 1007 1382 sciuisti
1028 1320 1062 1381 et
1084 1336 1134 1382 me
1158 1316 1330 1383 celauisti?
1346 1333 1391 1387 tet

697 1457 975 1526 Lemnieclcno

277 1570 427 1637 Stultitia
449 1575 507 1651 est
532 1571 609 1654 quoi
632 1568 715 1635 bene
739 1589 809 1634 esse
832 1568 917 1642 licet,
943 1588 1016 1633 eum
1039 1569 1209 1651 praeuerti
1231 1568 1353 1635 litibus.

277 1677 443 1743 Posterius
466 1681 570 1746 istaec
592 1685 626 1744 te
648 1679 752 1760 magis
776 1697 956 1762 peragere
980 1683 1039 1742 est.

734 1798 938 1865 Dordalus

1094 1881 1158 1952 Gor
1180 1885 1261 1951 mihi
1282 1886 1391 1951 uritur.

755 1994 921 2059 Toailoe

277 2105 327 2171 Da
344 2103 393 2169 illi
410 2103 622 2183 cantharum
647 2102 815 2186 exstingue
833 2104 949 2184 ignem,
973 2103 1000 2168 si
1024 2122 1081 2168 cor
1102 2103 1217 2184 uritur,
1240 2112 1338 2188 caput
1357 2123 1393 2169 ne

989 2211 1151 2278 ardescat.

733 2331 941 2397 Dordalus

278 2440 389 2507 Ludos
413 2461 464 2506 me
487 2439 605 2521 facitis,
628 2440 793 2524 intellego.

754 2578 920 2644 Toxilus

276 2685 340 2753 Uin
363 2686 532 2753 cinaedum
555 2706 674 2753 nouom
697 2687 758 2752 tibi
782 2685 874 2751 dari?
919 2686 1107 2770 Paegnium,
1345 2705 1392 2760 eoo

275 2794 388 2876 Elude,
411 2803 448 2861 ut
470 2795 565 2875 soles,
588 2795 721 2878 quando
744 2794 828 2861 liber
850 2795 958 2862 locust
980 2795 1042 2861 hic.

276 2903 355 2969 Hui!
378 2903 495 2985 babae,
517 2903 653 2970 basilice
676 2911 709 2970 te
731 2904 873 2972 intulisti
896 2912 929 2971 et
950 2905 1066 2972 facete.

728 3024 944 3108 Poepoiom

275 3130 378 3199 Decet
400 3154 451 3199 me
472 3132 613 3199 facetum
636 3153 717 3214 esse,
740 3141 774 3200 et
796 3135 882 3200 huuc
905 3134 1046 3201 inridere

277 3241 440 3308 Lenonem
462 3240 573 3308 lubido
596 3249 656 3323 est,
677 3244 810 3327 quando
834 3244 951 3327 dignus
975 3253 1034 3311 est.

754 3388 777 3452 1
787 3389 852 3450 oxi
859 3388 919 3453 loe

230 3533 231 3536 ,
275 3474 386 3557 Perge,
409 3479 446 3540 ut
468 3494 633 3558 coeperas.

733 3582 946 3665 Poepaiom

683 3692 762 3770 Hoc,
784 3691 869 3770 leno,
892 3690 963 3757 tibi.

732 3833 945 3902 Dordalus

274 3942 371 4023 Perii,
395 3943 535 4027 perculit
558 3964 608 4010 me
631 3965 742 4030 prope.
966 3947 971 3958 '

358 4186 409 4240 '798
427 4182 534 4238 trichas
549 4183 583 4247 Β,
603 4183 762 4239 thrichasG
869 4183 992 4239 additast
1108 4186 1159 4239 795
1177 4183 1284 4238 sciuisti
1302 4199 1335 4238 ea
1351 4197 1390 4234 me

273 4273 324 4326 797
341 4269 457 4325 istahoec
551 4271 643 4324 uritur
660 4286 709 4325 cor
726 4269 794 4324 mihi
891 4272 942 4325 800
959 4269 1078 4326 Uinnius
1097 4269 1161 4324 dum
1254 4271 1304 4326 801
1324 4267 1388 4338 Quin
1465 4305 1466 4316 ,

272 4355 353 4410 clude
420 4357 472 4411 806
489 4373 601 4425 ceperas
670 4355 803 4410 cooperi
