3002 5000
638 498 730 554 Perna.

528 687 828 770 Sophoclidisca

362 794 477 861 Nullus
501 817 569 861 esse
592 795 689 861 hodie
712 795 774 861 hoc
797 817 899 880 puero
923 800 1015 883 peior
1038 799 1235 882 perhibetur.

114 903 336 988 compellabo.

568 1012 780 1095 Pacpaiam

266 1118 539 1186 Commorandum
562 1127 612 1186 eet
634 1120 714 1186 mihi
736 1120 824 1204 apud
845 1120 946 1202 hanc;
969 1120 1088 1190 obiecit
1107 1145 1237 1190 moram.

526 1262 832 1344 Sophoclidisca

112 1373 305 1456 Paegnium,
327 1373 464 1438 deliciae
486 1373 589 1457 pueri,
611 1372 712 1436 salue.
764 1369 851 1447 Quid
874 1373 966 1455 agia?
988 1379 1026 1438 ut
1047 1374 1163 1440 ualee?
1187 1391 1238 1444 aab

573 1501 789 1584 Pacpciam

112 1610 374 1695 Sophoclidisca,
396 1612 430 1676 di
451 1632 503 1676 me
526 1610 693 1677 amabunt.

522 1751 827 1833 Sophoclidisca

640 1860 725 1939 Quid
748 1861 823 1926 me?

573 2003 787 2086 Paopaiam

802 2111 917 2178 Utrum
941 2113 1050 2178 hercle
1074 2114 1121 2177 cis
1142 2111 1236 2178 labet.

109 2223 180 2288 Sed
205 2223 243 2300 si,
267 2227 305 2285 ut
328 2221 428 2304 digna
450 2213 493 2300 ea,
516 2219 649 2298 faciant,
673 2219 748 2284 odio
772 2219 882 2286 hercle
900 2220 1045 2288 habeant
1063 2227 1097 2286 et
1112 2220 1238 2286 faciani

829 2329 925 2394 male.

523 2434 830 2517 Sophoclidisca

110 2547 212 2613 Mitte
234 2545 320 2612 male
342 2544 444 2629 loqui.

574 2669 786 2752 Pacpaiam

296 2780 409 2858 Quom,
433 2784 471 2844 ul
492 2778 591 2860 digna
614 2800 658 2856 es,
682 2779 763 2855 dico,
788 2779 878 2860 bene,
902 2801 967 2845 non
989 2780 1085 2860 male,
1106 2779 1233 2862 loquor.

523 2920 830 3002 Sophoclidisca

111 3031 202 3112 Quid
224 3032 318 3116 agia?

585 3137 763 3220 Pacpaia

332 3246 497 3312 Feminam
521 3247 692 3312 ecelesiam
714 3252 757 3328 ie,
780 3247 913 3312 adstans
936 3253 1062 3326 contra,
1086 3250 1234 3310 contuor.

523 3389 827 3470 Sophoclidisca

112 3498 210 3564 Certe
233 3498 384 3581 equidem
406 3519 544 3582 puerum
566 3498 709 3582 peiorem
733 3517 840 3596 quam·
853 3505 886 3562 te
903 3497 981 3562 noui
998 3497 1167 3561 neminem.
1187 3511 1237 3564 alo

566 3638 781 3721 Pacphiam

114 3748 202 3827 Quid
224 3749 310 3816 male
334 3746 419 3814 facio
441 3754 500 3814 aut
521 3749 599 3831 quoi
621 3748 705 3813 male
729 3747 823 3813 dico?

522 3889 828 3973 Sophoclidisca

544 4033 546 4036 ·
674 3997 758 4075 Quoi
782 3997 835 4081 pol
858 4017 997 4081 cumque
1020 3997 1152 4066 occasio
1175 4003 1234 4061 eat.

115 4119 319 4128 --—--—--———

201 4204 250 4256 204
267 4201 495 4258 commorandum
571 4201 643 4256 hana
662 4200 689 4255 Β
767 4201 858 4256 obieci
938 4202 989 4254 206
1006 4215 1051 4254 me
1067 4199 1102 4268 ssl
1120 4201 1235 4254 uirum?

115 4288 146 4342 P.
163 4287 256 4342 hercle
274 4287 303 4341 Β
368 4287 408 4341 eia
426 4287 505 4341 lubet
522 4302 572 4342 aaa
640 4287 807 4354 cahaignes
867 4285 956 4340 malae
974 4284 1001 4339 Β
1066 4286 1117 4339 208
1134 4285 1234 4399 diguaa

114 4374 166 4426 209
186 4381 262 4424 asian
280 4370 309 4424 Β
377 4373 428 4425 210
445 4385 547 4440 quante
565 4370 593 4425 Β
662 4374 708 4425 211
730 4372 795 4424 mali
813 4371 885 4426 facio
906 4370 929 4426 0
1225 4387 1240 4402 ·
