<?xml version="1.0" encoding="UTF-8"?>
<!DOCTYPE html PUBLIC "-//W3C//DTD XHTML 1.0 Transitional//EN"
    "http://www.w3.org/TR/xhtml1/DTD/xhtml1-transitional.dtd">
<html xmlns="http://www.w3.org/1999/xhtml" xml:lang="en" lang="en">
 <head>
  <title>
</title>
<meta http-equiv="Content-Type" content="text/html;charset=utf-8" />
  <meta name='ocr-system' content='tesseract 3.04.00' />
  <meta name='ocr-capabilities' content='ocr_page ocr_carea ocr_par ocr_line ocrx_word'/>
</head>
<body>
  <div class='ocr_page' id='page_1' title='image "./tmacciiplautico04ussigoog_0425.png"; bbox 0 0 2890 5004; ppageno 0'>
   <div class='ocr_carea' id='block_1_1' title="bbox 242 479 848 544">
    <p class='ocr_par' dir='ltr' id='par_1_1' title="bbox 242 479 848 544">
     <span class='ocr_line' id='line_1_1' title="bbox 242 479 848 544; baseline 0.002 -12"><span class='ocrx_word' id='word_1_1' title='bbox 242 485 304 544; x_wconf 85' lang='grc'><strong>416</strong></span> <span class='ocrx_word' id='word_1_2' title='bbox 751 479 848 534; x_wconf 87' lang='lat' dir='ltr'><strong>Persa.</strong></span> 
     </span>
    </p>
   </div>
   <div class='ocr_carea' id='block_1_2' title="bbox 230 671 1366 1778">
    <p class='ocr_par' dir='ltr' id='par_1_2' title="bbox 230 671 1366 1778">
     <span class='ocr_line' id='line_1_2' title="bbox 325 671 1366 752; baseline 0.002 -20"><span class='ocrx_word' id='word_1_3' title='bbox 325 674 426 732; x_wconf 91' lang='lat' dir='ltr'><strong>Prima</strong></span> <span class='ocrx_word' id='word_1_4' title='bbox 447 671 553 732; x_wconf 83' lang='lat' dir='ltr'><strong>fabulae</strong></span> <span class='ocrx_word' id='word_1_5' title='bbox 571 691 659 731; x_wconf 86' lang='lat' dir='ltr'><strong>scena</strong></span> <span class='ocrx_word' id='word_1_6' title='bbox 675 673 856 752; x_wconf 79' lang='lat' dir='ltr'><strong>colloquium</strong></span> <span class='ocrx_word' id='word_1_7' title='bbox 871 674 962 732; x_wconf 88' lang='lat' dir='ltr'><strong>habet</strong></span> <span class='ocrx_word' id='word_1_8' title='bbox 979 693 1130 733; x_wconf 86' lang='lat' dir='ltr'><strong>servorum</strong></span> <span class='ocrx_word' id='word_1_9' title='bbox 1150 674 1290 749; x_wconf 85' lang='lat' dir='ltr'><strong>duorum,</strong></span> <span class='ocrx_word' id='word_1_10' title='bbox 1315 680 1366 752; x_wconf 88' lang='lat' dir='ltr'><strong>qui</strong></span> 
     </span>
     <span class='ocr_line' id='line_1_3' title="bbox 240 776 1366 856; baseline 0 -22"><span class='ocrx_word' id='word_1_11' title='bbox 240 778 319 834; x_wconf 88' lang='lat' dir='ltr'><strong>inter</strong></span> <span class='ocrx_word' id='word_1_12' title='bbox 341 797 371 834; x_wconf 89' lang='lat' dir='ltr'><strong>se</strong></span> <span class='ocrx_word' id='word_1_13' title='bbox 395 777 510 836; x_wconf 83' lang='lat' dir='ltr'><strong>obviam</strong></span> <span class='ocrx_word' id='word_1_14' title='bbox 535 776 619 835; x_wconf 85' lang='lat' dir='ltr'><strong>fiunt.</strong></span> <span class='ocrx_word' id='word_1_15' title='bbox 663 777 785 836; x_wconf 83' lang='lat' dir='ltr'><strong>Toxilus</strong></span> <span class='ocrx_word' id='word_1_16' title='bbox 809 797 937 836; x_wconf 88' lang='lat' dir='ltr'><strong>amoram</strong></span> <span class='ocrx_word' id='word_1_17' title='bbox 961 778 1096 855; x_wconf 87' lang='lat' dir='ltr'><strong>queritur</strong></span> <span class='ocrx_word' id='word_1_18' title='bbox 1117 781 1217 856; x_wconf 80' lang='lat' dir='ltr'><strong>egenti</strong></span> <span class='ocrx_word' id='word_1_19' title='bbox 1238 779 1366 850; x_wconf 81' lang='lat' dir='ltr'><strong>homini,</strong></span> 
     </span>
     <span class='ocr_line' id='line_1_4' title="bbox 242 878 1365 958; baseline 0.004 -22"><span class='ocrx_word' id='word_1_20' title='bbox 242 879 338 956; x_wconf 88' lang='lat' dir='ltr'><strong>qualis</strong></span> <span class='ocrx_word' id='word_1_21' title='bbox 361 881 425 956; x_wconf 87' lang='lat' dir='ltr'><strong>ipse</strong></span> <span class='ocrx_word' id='word_1_22' title='bbox 447 881 499 954; x_wconf 89' lang='lat' dir='ltr'><strong>sit,</strong></span> <span class='ocrx_word' id='word_1_23' title='bbox 531 878 681 938; x_wconf 84' lang='lat' dir='ltr'><strong>difficilem</strong></span> <span class='ocrx_word' id='word_1_24' title='bbox 705 899 782 953; x_wconf 87' lang='lat' dir='ltr'><strong>esse,</strong></span> <span class='ocrx_word' id='word_1_25' title='bbox 816 879 977 958; x_wconf 73' lang='lat' dir='ltr'><strong>Sagaristio</strong></span> <span class='ocrx_word' id='word_1_26' title='bbox 999 881 1134 939; x_wconf 83' lang='lat' dir='ltr'><strong>servilem</strong></span> <span class='ocrx_word' id='word_1_27' title='bbox 1158 882 1365 941; x_wconf 88' lang='lat' dir='ltr'><strong>condicionem</strong></span> 
     </span>
     <span class='ocr_line' id='line_1_5' title="bbox 241 981 1365 1060; baseline 0.001 -20"><span class='ocrx_word' id='word_1_28' title='bbox 241 988 271 1040; x_wconf 91' lang='lat' dir='ltr'><strong>et</strong></span> <span class='ocrx_word' id='word_1_29' title='bbox 300 981 375 1041; x_wconf 90' lang='lat' dir='ltr'><strong>dura</strong></span> <span class='ocrx_word' id='word_1_30' title='bbox 403 981 467 1040; x_wconf 88' lang='lat' dir='ltr'><strong>heri</strong></span> <span class='ocrx_word' id='word_1_31' title='bbox 494 984 619 1060; x_wconf 90' lang='lat' dir='ltr'><strong>imperia</strong></span> <span class='ocrx_word' id='word_1_32' title='bbox 651 987 777 1041; x_wconf 88' lang='lat' dir='ltr'><strong>accusat.</strong></span> <span class='ocrx_word' id='word_1_33' title='bbox 840 983 940 1042; x_wconf 90' lang='lat' dir='ltr'><strong>Primo</strong></span> <span class='ocrx_word' id='word_1_34' title='bbox 973 989 1079 1042; x_wconf 87' lang='lat' dir='ltr'><strong>neuter</strong></span> <span class='ocrx_word' id='word_1_35' title='bbox 1114 985 1241 1042; x_wconf 89' lang='lat' dir='ltr'><strong>alterum</strong></span> <span class='ocrx_word' id='word_1_36' title='bbox 1271 985 1365 1056; x_wconf 68' lang='lat' dir='ltr'><strong>videt</strong></span> 
     </span>
     <span class='ocr_line' id='line_1_6' title="bbox 239 1083 1366 1146; baseline -0.001 -3"><span class='ocrx_word' id='word_1_37' title='bbox 239 1091 301 1143; x_wconf 90' lang='lat' dir='ltr'><strong>tum</strong></span> <span class='ocrx_word' id='word_1_38' title='bbox 325 1085 518 1143; x_wconf 87' lang='lat' dir='ltr'><strong>communiter</strong></span> <span class='ocrx_word' id='word_1_39' title='bbox 540 1084 577 1142; x_wconf 89' lang='lat' dir='ltr'><strong>de</strong></span> <span class='ocrx_word' id='word_1_40' title='bbox 599 1083 686 1142; x_wconf 90' lang='lat' dir='ltr'><strong>rebus</strong></span> <span class='ocrx_word' id='word_1_41' title='bbox 708 1087 769 1145; x_wconf 87' lang='lat' dir='ltr'><strong>suia</strong></span> <span class='ocrx_word' id='word_1_42' title='bbox 791 1085 957 1145; x_wconf 89' lang='lat' dir='ltr'><strong>consulunt.</strong></span> <span class='ocrx_word' id='word_1_43' title='bbox 1001 1087 1155 1146; x_wconf 83' lang='lat' dir='ltr'><strong>Canticum</strong></span> <span class='ocrx_word' id='word_1_44' title='bbox 1177 1087 1318 1145; x_wconf 77' lang='lat' dir='ltr'><strong>iambicis</strong></span> <span class='ocrx_word' id='word_1_45' title='bbox 1336 1092 1366 1143; x_wconf 82' lang='lat' dir='ltr'><strong>et</strong></span> 
     </span>
     <span class='ocr_line' id='line_1_7' title="bbox 241 1186 1366 1266; baseline 0.003 -22"><span class='ocrx_word' id='word_1_46' title='bbox 241 1186 398 1246; x_wconf 80' lang='lat' dir='ltr'><strong>trochaicis</strong></span> <span class='ocrx_word' id='word_1_47' title='bbox 425 1189 554 1245; x_wconf 90' lang='lat' dir='ltr'><strong>numeris</strong></span> <span class='ocrx_word' id='word_1_48' title='bbox 583 1189 664 1246; x_wconf 88' lang='lat' dir='ltr'><strong>veria</strong></span> <span class='ocrx_word' id='word_1_49' title='bbox 692 1189 835 1266; x_wconf 91' lang='lat' dir='ltr'><strong>scriptum</strong></span> <span class='ocrx_word' id='word_1_50' title='bbox 859 1195 913 1248; x_wconf 88' lang='lat' dir='ltr'><strong>est.</strong></span> <span class='ocrx_word' id='word_1_51' title='bbox 967 1189 1002 1248; x_wconf 87' lang='lat' dir='ltr'><strong>V.</strong></span> <span class='ocrx_word' id='word_1_52' title='bbox 1029 1193 1108 1248; x_wconf 86' lang='grc'><strong>1-6</strong></span> <span class='ocrx_word' id='word_1_53' title='bbox 1132 1191 1250 1248; x_wconf 78' lang='lat' dir='ltr'><strong>iambici</strong></span> <span class='ocrx_word' id='word_1_54' title='bbox 1283 1197 1366 1248; x_wconf 84' lang='lat' dir='ltr'><strong>octo·</strong></span> 
     </span>
     <span class='ocr_line' id='line_1_8' title="bbox 241 1291 1365 1368; baseline 0.004 -22"><span class='ocrx_word' id='word_1_55' title='bbox 241 1291 317 1346; x_wconf 90' lang='lat' dir='ltr'><strong>narii</strong></span> <span class='ocrx_word' id='word_1_56' title='bbox 340 1294 422 1364; x_wconf 86' lang='lat' dir='ltr'><strong>aunt,</strong></span> <span class='ocrx_word' id='word_1_57' title='bbox 446 1293 527 1348; x_wconf 81' lang='grc'><strong>’1-8</strong></span> <span class='ocrx_word' id='word_1_58' title='bbox 551 1293 726 1368; x_wconf 78' lang='lat' dir='ltr'><strong>septenarii,</strong></span> <span class='ocrx_word' id='word_1_59' title='bbox 756 1294 860 1351; x_wconf 78' lang='lat'>9-12</span> <span class='ocrx_word' id='word_1_60' title='bbox 883 1294 1043 1366; x_wconf 72' lang='lat' dir='ltr'><strong>octonarii,</strong></span> <span class='ocrx_word' id='word_1_61' title='bbox 1071 1294 1193 1351; x_wconf 89' lang='grc'>13-16</span> <span class='ocrx_word' id='word_1_62' title='bbox 1217 1293 1365 1350; x_wconf 83' lang='lat' dir='ltr'><strong>trochaici</strong></span> 
     </span>
     <span class='ocr_line' id='line_1_9' title="bbox 241 1394 1364 1474; baseline 0.004 -26"><span class='ocrx_word' id='word_1_63' title='bbox 241 1394 400 1464; x_wconf 84' lang='lat' dir='ltr'><strong>octonarii,</strong></span> <span class='ocrx_word' id='word_1_64' title='bbox 438 1396 475 1452; x_wconf 78' lang='lat'><strong>17</strong></span> <span class='ocrx_word' id='word_1_65' title='bbox 509 1398 683 1452; x_wconf 82' lang='lat' dir='ltr'><strong>tetrameter</strong></span> <span class='ocrx_word' id='word_1_66' title='bbox 716 1395 856 1468; x_wconf 89' lang='lat' dir='ltr'><strong>creticus,</strong></span> <span class='ocrx_word' id='word_1_67' title='bbox 894 1397 931 1454; x_wconf 81' lang='lat'><strong>18</strong></span> <span class='ocrx_word' id='word_1_68' title='bbox 964 1395 1130 1455; x_wconf 84' lang='lat' dir='ltr'><strong>trochaicae</strong></span> <span class='ocrx_word' id='word_1_69' title='bbox 1164 1399 1364 1474; x_wconf 80' lang='lat' dir='ltr'><strong>septenarius,</strong></span> 
     </span>
     <span class='ocr_line' id='line_1_10' title="bbox 230 1497 1363 1574; baseline -0.004 -16"><span class='ocrx_word' id='word_1_70' title='bbox 230 1497 366 1558; x_wconf 78' lang='lat'><strong>‚19-22</strong></span> <span class='ocrx_word' id='word_1_71' title='bbox 390 1497 508 1554; x_wconf 86' lang='lat' dir='ltr'><strong>iambici</strong></span> <span class='ocrx_word' id='word_1_72' title='bbox 531 1499 709 1574; x_wconf 81' lang='lat' dir='ltr'><strong>septenarii,</strong></span> <span class='ocrx_word' id='word_1_73' title='bbox 745 1499 868 1556; x_wconf 75' lang='lat'>23—25</span> <span class='ocrx_word' id='word_1_74' title='bbox 892 1497 1009 1556; x_wconf 87' lang='lat' dir='ltr'><strong>iambici</strong></span> <span class='ocrx_word' id='word_1_75' title='bbox 1038 1501 1198 1572; x_wconf 89' lang='lat' dir='ltr'><strong>octonarii,</strong></span> <span class='ocrx_word' id='word_1_76' title='bbox 1235 1500 1363 1556; x_wconf 76' lang='lat'><strong>26-27</strong></span> 
     </span>
     <span class='ocr_line' id='line_1_11' title="bbox 240 1600 1364 1673; baseline 0.004 -18"><span class='ocrx_word' id='word_1_77' title='bbox 240 1600 406 1657; x_wconf 84' lang='lat' dir='ltr'><strong>trochaicae</strong></span> <span class='ocrx_word' id='word_1_78' title='bbox 440 1601 611 1658; x_wconf 88' lang='lat' dir='ltr'><strong>octonarius</strong></span> <span class='ocrx_word' id='word_1_79' title='bbox 644 1619 708 1658; x_wconf 90' lang='lat' dir='ltr'><strong>cum</strong></span> <span class='ocrx_word' id='word_1_80' title='bbox 743 1601 871 1660; x_wconf 89' lang='lat' dir='ltr'><strong>dimetro</strong></span> <span class='ocrx_word' id='word_1_81' title='bbox 901 1601 1089 1673; x_wconf 85' lang='lat' dir='ltr'><strong>catalectico,</strong></span> <span class='ocrx_word' id='word_1_82' title='bbox 1124 1603 1163 1660; x_wconf 79' lang='grc'><strong>98</strong></span> <span class='ocrx_word' id='word_1_83' title='bbox 1192 1602 1364 1660; x_wconf 86' lang='lat' dir='ltr'><strong>trochaicus</strong></span> 
     </span>
     <span class='ocr_line' id='line_1_12' title="bbox 241 1702 1362 1778; baseline 0.003 -19"><span class='ocrx_word' id='word_1_84' title='bbox 241 1705 438 1778; x_wconf 86' lang='lat' dir='ltr'><strong>septenarius,</strong></span> <span class='ocrx_word' id='word_1_85' title='bbox 474 1706 512 1762; x_wconf 79' lang='grc'><strong>99</strong></span> <span class='ocrx_word' id='word_1_86' title='bbox 541 1703 708 1762; x_wconf 86' lang='lat' dir='ltr'><strong>trochaicus</strong></span> <span class='ocrx_word' id='word_1_87' title='bbox 736 1702 862 1761; x_wconf 89' lang='lat' dir='ltr'><strong>dimeter</strong></span> <span class='ocrx_word' id='word_1_88' title='bbox 891 1703 1094 1776; x_wconf 86' lang='lat' dir='ltr'><strong>catalecticus,</strong></span> <span class='ocrx_word' id='word_1_89' title='bbox 1126 1706 1164 1763; x_wconf 88' lang='grc'><strong>30</strong></span> <span class='ocrx_word' id='word_1_90' title='bbox 1193 1705 1362 1763; x_wconf 87' lang='lat' dir='ltr'><strong>trochaicus</strong></span> 
     </span>
    </p>
   </div>
   <div class='ocr_carea' id='block_1_3' title="bbox 166 1806 1360 2198">
    <p class='ocr_par' dir='ltr' id='par_1_3' title="bbox 166 1806 1360 2198">
     <span class='ocr_line' id='line_1_13' title="bbox 241 1806 1360 1882; baseline 0.001 -20"><span class='ocrx_word' id='word_1_91' title='bbox 241 1808 424 1880; x_wconf 86' lang='lat' dir='ltr'><strong>octonarius,</strong></span> <span class='ocrx_word' id='word_1_92' title='bbox 461 1808 585 1866; x_wconf 79' lang='lat'>31-32</span> <span class='ocrx_word' id='word_1_93' title='bbox 607 1807 750 1866; x_wconf 83' lang='lat' dir='ltr'><strong>trochaici</strong></span> <span class='ocrx_word' id='word_1_94' title='bbox 773 1808 948 1882; x_wconf 85' lang='lat' dir='ltr'><strong>septenarii,</strong></span> <span class='ocrx_word' id='word_1_95' title='bbox 985 1809 1022 1865; x_wconf 83' lang='lat'><strong>33</strong></span> <span class='ocrx_word' id='word_1_96' title='bbox 1051 1806 1195 1864; x_wconf 84' lang='lat' dir='ltr'><strong>iambicus</strong></span> <span class='ocrx_word' id='word_1_97' title='bbox 1224 1807 1360 1870; x_wconf 77' lang='lat' dir='ltr'><strong>dimeter,</strong></span> 
     </span>
     <span class='ocr_line' id='line_1_14' title="bbox 243 1909 1360 1986; baseline -0.001 -20"><span class='ocrx_word' id='word_1_98' title='bbox 243 1910 281 1966; x_wconf 79' lang='lat'><strong>34</strong></span> <span class='ocrx_word' id='word_1_99' title='bbox 304 1909 471 1966; x_wconf 89' lang='lat' dir='ltr'><strong>trochaicus</strong></span> <span class='ocrx_word' id='word_1_100' title='bbox 499 1911 701 1986; x_wconf 81' lang='lat' dir='ltr'><strong>septenarius,</strong></span> <span class='ocrx_word' id='word_1_101' title='bbox 731 1911 768 1968; x_wconf 85' lang='grc'><strong>35</strong></span> <span class='ocrx_word' id='word_1_102' title='bbox 793 1910 934 1967; x_wconf 86' lang='lat' dir='ltr'><strong>iambicus</strong></span> <span class='ocrx_word' id='word_1_103' title='bbox 963 1912 1131 1967; x_wconf 87' lang='lat' dir='ltr'><strong>octonarius</strong></span> <span class='ocrx_word' id='word_1_104' title='bbox 1159 1909 1360 1985; x_wconf 82' lang='lat' dir='ltr'><strong>hypermeter‚</strong></span> 
     </span>
     <span class='ocr_line' id='line_1_15' title="bbox 243 2012 1360 2088; baseline 0 -20"><span class='ocrx_word' id='word_1_105' title='bbox 243 2013 281 2069; x_wconf 90' lang='grc'><strong>36</strong></span> <span class='ocrx_word' id='word_1_106' title='bbox 305 2013 471 2070; x_wconf 89' lang='lat' dir='ltr'><strong>trochaicus</strong></span> <span class='ocrx_word' id='word_1_107' title='bbox 500 2015 697 2088; x_wconf 76' lang='lat' dir='ltr'><strong>septenarius,</strong></span> <span class='ocrx_word' id='word_1_108' title='bbox 733 2014 856 2070; x_wconf 81' lang='grc'>37-38</span> <span class='ocrx_word' id='word_1_109' title='bbox 882 2012 975 2070; x_wconf 89' lang='lat' dir='ltr'><strong>troch.</strong></span> <span class='ocrx_word' id='word_1_110' title='bbox 999 2013 1169 2070; x_wconf 87' lang='lat' dir='ltr'><strong>octonarius</strong></span> <span class='ocrx_word' id='word_1_111' title='bbox 1196 2031 1260 2068; x_wconf 88' lang='lat' dir='ltr'><strong>cnm</strong></span> <span class='ocrx_word' id='word_1_112' title='bbox 1293 2031 1360 2088; x_wconf 86' lang='lat' dir='ltr'><strong>sep·</strong></span> 
     </span>
     <span class='ocr_line' id='line_1_16' title="bbox 166 2106 1359 2198; baseline 0.001 -27"><span class='ocrx_word' id='word_1_113' title='bbox 166 2195 168 2198; x_wconf 22' lang='grc' dir='ltr'>Ι</span> <span class='ocrx_word' id='word_1_114' title='bbox 240 2117 364 2186; x_wconf 80' lang='lat' dir='ltr'><strong>tonario,</strong></span> <span class='ocrx_word' id='word_1_115' title='bbox 389 2117 426 2173; x_wconf 85' lang='lat'><strong>39</strong></span> <span class='ocrx_word' id='word_1_116' title='bbox 451 2115 592 2172; x_wconf 90' lang='lat' dir='ltr'><strong>iambicus</strong></span> <span class='ocrx_word' id='word_1_117' title='bbox 615 2115 754 2190; x_wconf 82' lang='lat' dir='ltr'><strong>dimeter,</strong></span> <span class='ocrx_word' id='word_1_118' title='bbox 782 2117 821 2173; x_wconf 86' lang='lat'><strong>40</strong></span> <span class='ocrx_word' id='word_1_119' title='bbox 846 2115 987 2173; x_wconf 87' lang='lat' dir='ltr'><strong>iambicus</strong></span> <span class='ocrx_word' id='word_1_120' title='bbox 1009 2106 1208 2192; x_wconf 85' lang='lat' dir='ltr'><strong>septenarius,</strong></span> <span class='ocrx_word' id='word_1_121' title='bbox 1234 2117 1270 2172; x_wconf 78' lang='lat'><strong>41</strong></span> <span class='ocrx_word' id='word_1_122' title='bbox 1298 2121 1359 2172; x_wconf 78' lang='lat' dir='ltr'><strong>tro-</strong></span> 
     </span>
    </p>
   </div>
   <div class='ocr_carea' id='block_1_4' title="bbox 240 2217 1381 4460">
    <p class='ocr_par' dir='ltr' id='par_1_4' title="bbox 240 2217 1359 2395">
     <span class='ocr_line' id='line_1_17' title="bbox 241 2217 1359 2295; baseline -0.001 -21"><span class='ocrx_word' id='word_1_123' title='bbox 241 2217 358 2276; x_wconf 87' lang='lat' dir='ltr'><strong>chaicus</strong></span> <span class='ocrx_word' id='word_1_124' title='bbox 380 2219 556 2293; x_wconf 83' lang='lat' dir='ltr'><strong>octonarius,</strong></span> <span class='ocrx_word' id='word_1_125' title='bbox 580 2219 704 2277; x_wconf 78' lang='lat'>42-43</span> <span class='ocrx_word' id='word_1_126' title='bbox 727 2219 868 2277; x_wconf 89' lang='lat' dir='ltr'><strong>trochaici</strong></span> <span class='ocrx_word' id='word_1_127' title='bbox 892 2220 1061 2295; x_wconf 86' lang='lat' dir='ltr'><strong>septenarii,</strong></span> <span class='ocrx_word' id='word_1_128' title='bbox 1092 2219 1215 2276; x_wconf 78' lang='lat'>44-53</span> <span class='ocrx_word' id='word_1_129' title='bbox 1240 2217 1359 2275; x_wconf 87' lang='lat' dir='ltr'><strong>iambici</strong></span> 
     </span>
     <span class='ocr_line' id='line_1_18' title="bbox 240 2322 410 2395; baseline 0.012 -18"><span class='ocrx_word' id='word_1_130' title='bbox 240 2322 410 2395; x_wconf 86' lang='lat' dir='ltr'><strong>septenarii.</strong></span> 
     </span>
    </p>

    <p class='ocr_par' dir='ltr' id='par_1_5' title="bbox 240 2422 1381 3306">
     <span class='ocr_line' id='line_1_19' title="bbox 330 2422 1358 2501; baseline -0.002 -20"><span class='ocrx_word' id='word_1_131' title='bbox 330 2427 418 2484; x_wconf 83' lang='lat'>1-5.</span> <span class='ocrx_word' id='word_1_132' title='bbox 444 2422 586 2501; x_wconf 84' lang='lat' dir='ltr'><strong>Egentem</strong></span> <span class='ocrx_word' id='word_1_133' title='bbox 611 2445 719 2498; x_wconf 87' lang='lat' dir='ltr'><strong>amare,</strong></span> <span class='ocrx_word' id='word_1_134' title='bbox 742 2427 937 2482; x_wconf 86' lang='lat' dir='ltr'><strong>temerarium</strong></span> <span class='ocrx_word' id='word_1_135' title='bbox 960 2443 1024 2481; x_wconf 87' lang='lat' dir='ltr'><strong>esse</strong></span> <span class='ocrx_word' id='word_1_136' title='bbox 1047 2423 1129 2497; x_wconf 85' lang='lat' dir='ltr'><strong>dicit,</strong></span> <span class='ocrx_word' id='word_1_137' title='bbox 1160 2443 1284 2500; x_wconf 86' lang='lat' dir='ltr'><strong>eumque</strong></span> <span class='ocrx_word' id='word_1_138' title='bbox 1308 2424 1358 2500; x_wconf 89' lang='lat' dir='ltr'><strong>qni</strong></span> 
     </span>
     <span class='ocr_line' id='line_1_20' title="bbox 240 2527 1357 2605; baseline -0.001 -23"><span class='ocrx_word' id='word_1_139' title='bbox 240 2527 353 2603; x_wconf 86' lang='lat' dir='ltr'><strong>primus</strong></span> <span class='ocrx_word' id='word_1_140' title='bbox 375 2528 462 2584; x_wconf 92' lang='lat' dir='ltr'><strong>huius</strong></span> <span class='ocrx_word' id='word_1_141' title='bbox 485 2529 527 2585; x_wconf 89' lang='lat' dir='ltr'><strong>rei</strong></span> <span class='ocrx_word' id='word_1_142' title='bbox 556 2529 720 2605; x_wconf 82' lang='lat' dir='ltr'><strong>exemplum</strong></span> <span class='ocrx_word' id='word_1_143' title='bbox 743 2527 868 2599; x_wconf 86' lang='lat' dir='ltr'><strong>dederit,</strong></span> <span class='ocrx_word' id='word_1_144' title='bbox 891 2528 985 2587; x_wconf 88' lang='lat' dir='ltr'><strong>maius</strong></span> <span class='ocrx_word' id='word_1_145' title='bbox 1007 2545 1081 2604; x_wconf 86' lang='lat' dir='ltr'><strong>opus</strong></span> <span class='ocrx_word' id='word_1_146' title='bbox 1104 2546 1269 2602; x_wconf 81' lang='lat' dir='ltr'><strong>aggressum</strong></span> <span class='ocrx_word' id='word_1_147' title='bbox 1294 2545 1357 2584; x_wconf 86' lang='lat' dir='ltr'><strong>esse</strong></span> 
     </span>
     <span class='ocr_line' id='line_1_21' title="bbox 241 2629 1355 2706; baseline -0.001 -20"><span class='ocrx_word' id='word_1_148' title='bbox 241 2649 327 2706; x_wconf 89' lang='lat' dir='ltr'><strong>quam</strong></span> <span class='ocrx_word' id='word_1_149' title='bbox 356 2629 511 2688; x_wconf 88' lang='lat' dir='ltr'><strong>Herculem</strong></span> <span class='ocrx_word' id='word_1_150' title='bbox 540 2630 693 2689; x_wconf 89' lang='lat' dir='ltr'><strong>duodecim</strong></span> <span class='ocrx_word' id='word_1_151' title='bbox 723 2649 867 2688; x_wconf 76' lang='lat' dir='ltr'><strong>aerumnas</strong></span> <span class='ocrx_word' id='word_1_152' title='bbox 897 2633 1113 2705; x_wconf 87' lang='lat' dir='ltr'><strong>exsequentem.</strong></span> <span class='ocrx_word' id='word_1_153' title='bbox 1170 2629 1229 2688; x_wconf 81' lang='lat' dir='ltr'><strong>lios</strong></span> <span class='ocrx_word' id='word_1_154' title='bbox 1255 2648 1355 2687; x_wconf 80' lang='lat' dir='ltr'><strong>versus</strong></span> 
     </span>
     <span class='ocr_line' id='line_1_22' title="bbox 241 2731 1353 2809; baseline -0.003 -19"><span class='ocrx_word' id='word_1_155' title='bbox 241 2732 328 2790; x_wconf 85' lang='lat' dir='ltr'><strong>affert</strong></span> <span class='ocrx_word' id='word_1_156' title='bbox 350 2731 471 2790; x_wconf 87' lang='lat' dir='ltr'><strong>Servius</strong></span> <span class='ocrx_word' id='word_1_157' title='bbox 488 2736 523 2791; x_wconf 76' lang='lat' dir='ltr'><strong>‘in</strong></span> <span class='ocrx_word' id='word_1_158' title='bbox 547 2733 635 2808; x_wconf 83' lang='lat' dir='ltr'><strong>Verg.</strong></span> <span class='ocrx_word' id='word_1_159' title='bbox 659 2733 760 2792; x_wconf 88' lang='lat' dir='ltr'><strong>Bucol.</strong></span> <span class='ocrx_word' id='word_1_160' title='bbox 787 2735 834 2806; x_wconf 85' lang='lat'><strong>10,</strong></span> <span class='ocrx_word' id='word_1_161' title='bbox 860 2734 898 2792; x_wconf 86' lang='grc'><strong>69</strong></span> <span class='ocrx_word' id='word_1_162' title='bbox 922 2736 952 2790; x_wconf 95' lang='lat' dir='ltr'><strong>in</strong></span> <span class='ocrx_word' id='word_1_163' title='bbox 975 2733 1072 2809; x_wconf 90' lang='lat' dir='ltr'><strong>primo</strong></span> <span class='ocrx_word' id='word_1_164' title='bbox 1095 2732 1142 2790; x_wconf 77' lang='lat' dir='ltr'><strong>est</strong></span> <span class='ocrx_word' id='word_1_165' title='bbox 1163 2732 1297 2802; x_wconf 84' lang='lat' dir='ltr'><strong>scribens,</strong></span> <span class='ocrx_word' id='word_1_166' title='bbox 1326 2735 1353 2788; x_wconf 93' lang='lat' dir='ltr'><strong>in</strong></span> 
     </span>
     <span class='ocr_line' id='line_1_23' title="bbox 242 2829 1350 2907; baseline -0.001 -16"><span class='ocrx_word' id='word_1_167' title='bbox 242 2836 351 2894; x_wconf 87' lang='lat' dir='ltr'><strong>altero:</strong></span> <span class='ocrx_word' id='word_1_168' title='bbox 390 2837 556 2907; x_wconf 87' lang='lat' dir='ltr'><strong>„aerumnis</strong></span> <span class='ocrx_word' id='word_1_169' title='bbox 583 2838 608 2894; x_wconf 89' lang='lat' dir='ltr'><strong>is</strong></span> <span class='ocrx_word' id='word_1_170' title='bbox 635 2838 695 2894; x_wconf 85' lang='lat' dir='ltr'><strong>suis</strong></span> <span class='ocrx_word' id='word_1_171' title='bbox 726 2855 881 2894; x_wconf 87' lang='lat' dir='ltr'><strong>aerumnas</strong></span> <span class='ocrx_word' id='word_1_172' title='bbox 910 2829 1077 2906; x_wconf 82' lang='lat' dir='ltr'><strong>Herculie“,</strong></span> <span class='ocrx_word' id='word_1_173' title='bbox 1108 2837 1139 2894; x_wconf 90' lang='lat' dir='ltr'><strong>in</strong></span> <span class='ocrx_word' id='word_1_174' title='bbox 1168 2837 1255 2893; x_wconf 86' lang='lat' dir='ltr'><strong>tertio</strong></span> <span class='ocrx_word' id='word_1_175' title='bbox 1286 2833 1350 2904; x_wconf 50' lang='grc' dir='ltr'><strong>,οῗ</strong></span> 
     </span>
     <span class='ocr_line' id='line_1_24' title="bbox 241 2934 1352 3014; baseline -0.005 -18"><span class='ocrx_word' id='word_1_176' title='bbox 241 2959 313 3008; x_wconf 83' lang='lat' dir='ltr'><strong>om,</strong></span> <span class='ocrx_word' id='word_1_177' title='bbox 344 2939 374 2995; x_wconf 87' lang='lat' dir='ltr'><strong>in</strong></span> <span class='ocrx_word' id='word_1_178' title='bbox 405 2946 524 3014; x_wconf 88' lang='lat' dir='ltr'><strong>quarto:</strong></span> <span class='ocrx_word' id='word_1_179' title='bbox 562 2959 626 3012; x_wconf 86' lang='lat' dir='ltr'><strong>„me</strong></span> <span class='ocrx_word' id='word_1_180' title='bbox 656 2939 798 2997; x_wconf 87' lang='lat' dir='ltr'><strong>deluctari</strong></span> <span class='ocrx_word' id='word_1_181' title='bbox 833 2934 1024 2996; x_wconf 85' lang='lat' dir='ltr'><strong>malueram“.</strong></span> <span class='ocrx_word' id='word_1_182' title='bbox 1081 2937 1176 3008; x_wconf 80' lang='lat' dir='ltr'><strong>Quum</strong></span> <span class='ocrx_word' id='word_1_183' title='bbox 1210 2939 1352 3012; x_wconf 85' lang='lat' dir='ltr'><strong>scriptura</strong></span> 
     </span>
     <span class='ocr_line' id='line_1_25' title="bbox 241 3033 1381 3123; baseline -0.005 -25"><span class='ocrx_word' id='word_1_184' title='bbox 241 3042 373 3099; x_wconf 91' lang='lat' dir='ltr'><strong>codicum</strong></span> <span class='ocrx_word' id='word_1_185' title='bbox 399 3042 510 3118; x_wconf 73' lang='grc' dir='ltr'><em>ἃμετρος</em></span> <span class='ocrx_word' id='word_1_186' title='bbox 529 3049 615 3113; x_wconf 87' lang='lat' dir='ltr'><strong>esset,</strong></span> <span class='ocrx_word' id='word_1_187' title='bbox 639 3041 763 3100; x_wconf 86' lang='lat' dir='ltr'><strong>Guietus</strong></span> <span class='ocrx_word' id='word_1_188' title='bbox 780 3043 977 3117; x_wconf 86' lang='lat' dir='ltr'><strong>transposuit:</strong></span> <span class='ocrx_word' id='word_1_189' title='bbox 1002 3036 1122 3123; x_wconf 5' lang='lat' dir='ltr'><strong>ampotis</strong></span> <span class='ocrx_word' id='word_1_190' title='bbox 1139 3037 1175 3097; x_wconf 80' lang='lat' dir='ltr'><strong>in</strong></span> <span class='ocrx_word' id='word_1_191' title='bbox 1193 3033 1351 3120; x_wconf 46' lang='lat' dir='ltr'><strong>teiaspncc</strong></span> <span class='ocrx_word' id='word_1_192' title='bbox 1376 3041 1381 3050; x_wconf 87' lang='grc'><em>“</em></span> 
     </span>
     <span class='ocr_line' id='line_1_26' title="bbox 242 3141 1346 3222; baseline -0.007 -20"><span class='ocrx_word' id='word_1_193' title='bbox 242 3147 365 3203; x_wconf 90' lang='lat' dir='ltr'><strong>multum</strong></span> <span class='ocrx_word' id='word_1_194' title='bbox 400 3145 500 3203; x_wconf 85' lang='lat' dir='ltr'><strong>differt</strong></span> <span class='ocrx_word' id='word_1_195' title='bbox 531 3145 656 3222; x_wconf 86' lang='lat' dir='ltr'><strong>pluralis</strong></span> <span class='ocrx_word' id='word_1_196' title='bbox 686 3145 767 3203; x_wconf 83' lang='lat' dir='ltr'><strong>Trin.</strong></span> <span class='ocrx_word' id='word_1_197' title='bbox 797 3147 866 3204; x_wconf 84' lang='grc'><strong>669.</strong></span> <span class='ocrx_word' id='word_1_198' title='bbox 922 3144 1067 3220; x_wconf 82' lang='lat' dir='ltr'><strong>Berglrins</strong></span> <span class='ocrx_word' id='word_1_199' title='bbox 1095 3143 1188 3204; x_wconf 81' lang='lat' dir='ltr'><strong>Beiir.</strong></span> <span class='ocrx_word' id='word_1_200' title='bbox 1217 3142 1230 3198; x_wconf 93' lang='lat' dir='ltr'><strong>l</strong></span> <span class='ocrx_word' id='word_1_201' title='bbox 1259 3163 1284 3218; x_wconf 91' lang='lat' dir='ltr'><strong>p.</strong></span> <span class='ocrx_word' id='word_1_202' title='bbox 1313 3141 1346 3195; x_wconf 77' lang='lat'><strong>41</strong></span> 
     </span>
     <span class='ocr_line' id='line_1_27' title="bbox 241 3248 405 3306; baseline 0.012 -2"><span class='ocrx_word' id='word_1_203' title='bbox 241 3248 405 3306; x_wconf 84' lang='lat' dir='ltr'><strong>scribebat:</strong></span> 
     </span>
    </p>

    <p class='ocr_par' dir='ltr' id='par_1_6' title="bbox 284 3348 1322 3428">
     <span class='ocr_line' id='line_1_28' title="bbox 284 3348 1322 3428; baseline -0.005 -20"><span class='ocrx_word' id='word_1_204' title='bbox 284 3353 339 3423; x_wconf 81' lang='lat' dir='ltr'><strong>Qui</strong></span> <span class='ocrx_word' id='word_1_205' title='bbox 362 3371 463 3410; x_wconf 89' lang='lat' dir='ltr'><strong>amens</strong></span> <span class='ocrx_word' id='word_1_206' title='bbox 485 3371 573 3428; x_wconf 80' lang='lat' dir='ltr'><strong>egena</strong></span> <span class='ocrx_word' id='word_1_207' title='bbox 595 3353 745 3426; x_wconf 86' lang='lat' dir='ltr'><strong>ingressus</strong></span> <span class='ocrx_word' id='word_1_208' title='bbox 768 3356 813 3408; x_wconf 86' lang='lat' dir='ltr'><strong>est</strong></span> <span class='ocrx_word' id='word_1_209' title='bbox 834 3351 972 3427; x_wconf 89' lang='lat' dir='ltr'><strong>princeps</strong></span> <span class='ocrx_word' id='word_1_210' title='bbox 995 3349 1026 3406; x_wconf 92' lang='lat' dir='ltr'><strong>in</strong></span> <span class='ocrx_word' id='word_1_211' title='bbox 1050 3367 1174 3420; x_wconf 88' lang='lat' dir='ltr'><strong>amores,</strong></span> <span class='ocrx_word' id='word_1_212' title='bbox 1199 3351 1222 3405; x_wconf 87' lang='lat' dir='ltr'><strong>is</strong></span> <span class='ocrx_word' id='word_1_213' title='bbox 1243 3348 1322 3405; x_wconf 86' lang='lat' dir='ltr'><strong>niens</strong></span> 
     </span>
    </p>

    <p class='ocr_par' dir='ltr' id='par_1_7' title="bbox 240 3452 1345 4460">
     <span class='ocr_line' id='line_1_29' title="bbox 284 3452 1210 3532; baseline -0.01 -18"><span class='ocrx_word' id='word_1_214' title='bbox 284 3455 442 3532; x_wconf 86' lang='lat' dir='ltr'><strong>Superauit</strong></span> <span class='ocrx_word' id='word_1_215' title='bbox 465 3457 613 3513; x_wconf 88' lang='lat' dir='ltr'><strong>aerumnis</strong></span> <span class='ocrx_word' id='word_1_216' title='bbox 635 3457 695 3512; x_wconf 88' lang='lat' dir='ltr'><strong>suis</strong></span> <span class='ocrx_word' id='word_1_217' title='bbox 718 3473 881 3525; x_wconf 87' lang='lat' dir='ltr'><strong>aerumnas,</strong></span> <span class='ocrx_word' id='word_1_218' title='bbox 906 3452 1057 3526; x_wconf 89' lang='lat' dir='ltr'><strong>Hercules,</strong></span> <span class='ocrx_word' id='word_1_219' title='bbox 1078 3455 1156 3524; x_wconf 89' lang='lat' dir='ltr'><strong>tuas,</strong></span> <span class='ocrx_word' id='word_1_220' title='bbox 1207 3497 1210 3505; x_wconf 90' lang='lat'>.</span> 
     </span>
     <span class='ocr_line' id='line_1_30' title="bbox 241 3551 1344 3636; baseline -0.011 -19"><span class='ocrx_word' id='word_1_221' title='bbox 241 3579 364 3635; x_wconf 86' lang='lat' dir='ltr'><strong>qnorum</strong></span> <span class='ocrx_word' id='word_1_222' title='bbox 400 3559 547 3636; x_wconf 85' lang='lat' dir='ltr'><strong>posterior</strong></span> <span class='ocrx_word' id='word_1_223' title='bbox 579 3576 681 3614; x_wconf 87' lang='lat' dir='ltr'><strong>verena</strong></span> <span class='ocrx_word' id='word_1_224' title='bbox 715 3556 870 3614; x_wconf 89' lang='lat' dir='ltr'><strong>admodum</strong></span> <span class='ocrx_word' id='word_1_225' title='bbox 905 3557 1025 3630; x_wconf 80' lang='lat' dir='ltr'><strong>elegans</strong></span> <span class='ocrx_word' id='word_1_226' title='bbox 1060 3559 1120 3624; x_wconf 87' lang='lat' dir='ltr'><strong>est,</strong></span> <span class='ocrx_word' id='word_1_227' title='bbox 1155 3555 1209 3612; x_wconf 88' lang='lat' dir='ltr'><strong>sed</strong></span> <span class='ocrx_word' id='word_1_228' title='bbox 1240 3551 1344 3609; x_wconf 83' lang='lat' dir='ltr'><strong>facilior</strong></span> 
     </span>
     <span class='ocr_line' id='line_1_31' title="bbox 240 3651 1345 3730; baseline -0.009 -12"><span class='ocrx_word' id='word_1_229' title='bbox 240 3662 358 3720; x_wconf 88' lang='lat' dir='ltr'><strong>videtur</strong></span> <span class='ocrx_word' id='word_1_230' title='bbox 388 3663 554 3721; x_wconf 90' lang='lat' dir='ltr'><strong>emendatio</strong></span> <span class='ocrx_word' id='word_1_231' title='bbox 583 3660 708 3719; x_wconf 89' lang='lat' dir='ltr'><strong>Lomani</strong></span> <span class='ocrx_word' id='word_1_232' title='bbox 741 3673 906 3718; x_wconf 76' lang='lat' dir='ltr'><strong>aerumnas</strong></span> <span class='ocrx_word' id='word_1_233' title='bbox 934 3653 1039 3718; x_wconf 75' lang='lat' dir='ltr'><strong>omnis</strong></span> <span class='ocrx_word' id='word_1_234' title='bbox 1060 3651 1195 3716; x_wconf 70' lang='lat' dir='ltr'><strong>Herculi</strong></span> <span class='ocrx_word' id='word_1_235' title='bbox 1222 3651 1269 3730; x_wconf 89' lang='lat' dir='ltr'><strong>(de</strong></span> <span class='ocrx_word' id='word_1_236' title='bbox 1294 3671 1345 3728; x_wconf 82' lang='lat' dir='ltr'><strong>qus</strong></span> 
     </span>
     <span class='ocr_line' id='line_1_32' title="bbox 242 3751 1341 3840; baseline -0.008 -19"><span class='ocrx_word' id='word_1_237' title='bbox 242 3767 370 3840; x_wconf 77' lang='lat' dir='ltr'><strong>genetivi</strong></span> <span class='ocrx_word' id='word_1_238' title='bbox 399 3765 493 3823; x_wconf 85' lang='lat' dir='ltr'><strong>forma</strong></span> <span class='ocrx_word' id='word_1_239' title='bbox 516 3785 541 3823; x_wconf 88' lang='lat' dir='ltr'><strong>v.</strong></span> <span class='ocrx_word' id='word_1_240' title='bbox 566 3763 648 3822; x_wconf 86' lang='lat' dir='ltr'><strong>Neue</strong></span> <span class='ocrx_word' id='word_1_241' title='bbox 671 3761 816 3821; x_wconf 83' lang='lat' dir='ltr'><strong>Formenl.</strong></span> <span class='ocrx_word' id='word_1_242' title='bbox 840 3763 862 3834; x_wconf 85' lang='grc' dir='ltr'><strong>Ι,</strong></span> <span class='ocrx_word' id='word_1_243' title='bbox 887 3755 978 3837; x_wconf 84' lang='lat'><strong>332),</strong></span> <span class='ocrx_word' id='word_1_244' title='bbox 1011 3761 1202 3837; x_wconf 85' lang='lat' dir='ltr'><strong>participium</strong></span> <span class='ocrx_word' id='word_1_245' title='bbox 1236 3751 1341 3831; x_wconf 69' lang='lat' dir='ltr'><strong>,nians“</strong></span> 
     </span>
     <span class='ocr_line' id='line_1_33' title="bbox 242 3860 1343 3944; baseline -0.009 -20"><span class='ocrx_word' id='word_1_246' title='bbox 242 3869 291 3924; x_wconf 76' lang='lat' dir='ltr'><strong>uix</strong></span> <span class='ocrx_word' id='word_1_247' title='bbox 314 3869 447 3944; x_wconf 90' lang='lat' dir='ltr'><strong>cuiquam</strong></span> <span class='ocrx_word' id='word_1_248' title='bbox 470 3868 610 3944; x_wconf 89' lang='lat' dir='ltr'><strong>placebit.</strong></span> <span class='ocrx_word' id='word_1_249' title='bbox 629 3895 670 3904; x_wconf 82' lang='lat'><strong>-</strong></span> <span class='ocrx_word' id='word_1_250' title='bbox 694 3867 721 3924; x_wconf 84' lang='lat'><strong>3.</strong></span> <span class='ocrx_word' id='word_1_251' title='bbox 746 3863 775 3923; x_wconf 77' lang='lat' dir='ltr'><strong>et</strong></span> <span class='ocrx_word' id='word_1_252' title='bbox 796 3865 919 3924; x_wconf 83' lang='lat' dir='ltr'><strong>Plautus</strong></span> <span class='ocrx_word' id='word_1_253' title='bbox 941 3863 1089 3922; x_wconf 89' lang='lat' dir='ltr'><strong>interdum</strong></span> <span class='ocrx_word' id='word_1_254' title='bbox 1112 3864 1192 3920; x_wconf 84' lang='lat' dir='ltr'><strong>inter</strong></span> <span class='ocrx_word' id='word_1_255' title='bbox 1213 3861 1269 3918; x_wconf 91' lang='lat' dir='ltr'><strong>duo</strong></span> <span class='ocrx_word' id='word_1_256' title='bbox 1288 3860 1343 3916; x_wconf 90' lang='lat' dir='ltr'><strong>lon·</strong></span> 
     </span>
     <span class='ocr_line' id='line_1_34' title="bbox 242 3965 1342 4044; baseline -0.01 -19"><span class='ocrx_word' id='word_1_257' title='bbox 242 3972 333 4044; x_wconf 83' lang='lat' dir='ltr'><strong>gioria</strong></span> <span class='ocrx_word' id='word_1_258' title='bbox 357 3973 443 4028; x_wconf 77' lang='lat' dir='ltr'><strong>seriei</strong></span> <span class='ocrx_word' id='word_1_259' title='bbox 468 3972 598 4030; x_wconf 88' lang='lat' dir='ltr'><strong>membra</strong></span> <span class='ocrx_word' id='word_1_260' title='bbox 620 3969 712 4044; x_wconf 88' lang='lat' dir='ltr'><strong>addit,</strong></span> <span class='ocrx_word' id='word_1_261' title='bbox 734 3987 824 4043; x_wconf 87' lang='lat' dir='ltr'><strong>quum</strong></span> <span class='ocrx_word' id='word_1_262' title='bbox 847 3972 945 4024; x_wconf 89' lang='lat' dir='ltr'><strong>cetera</strong></span> <span class='ocrx_word' id='word_1_263' title='bbox 964 3967 1112 4031; x_wconf 67' lang='lat' dir='ltr'><strong>desedisse</strong></span> <span class='ocrx_word' id='word_1_264' title='bbox 1135 3965 1342 4042; x_wconf 79' lang='lat' dir='ltr'><strong>componantur,</strong></span> 
     </span>
     <span class='ocr_line' id='line_1_35' title="bbox 242 4051 1343 4147; baseline -0.007 -17"><span class='ocrx_word' id='word_1_265' title='bbox 242 4093 269 4130; x_wconf 87' lang='lat' dir='ltr'><strong>v.</strong></span> <span class='ocrx_word' id='word_1_266' title='bbox 298 4072 375 4135; x_wconf 86' lang='lat' dir='ltr'><strong>Rud.</strong></span> <span class='ocrx_word' id='word_1_267' title='bbox 405 4075 476 4143; x_wconf 83' lang='grc'><strong>918,</strong></span> <span class='ocrx_word' id='word_1_268' title='bbox 500 4075 537 4131; x_wconf 89' lang='lat' dir='ltr'><strong>al.</strong></span> <span class='ocrx_word' id='word_1_269' title='bbox 594 4075 648 4130; x_wconf 90' lang='lat' dir='ltr'><strong>Hic</strong></span> <span class='ocrx_word' id='word_1_270' title='bbox 672 4072 702 4130; x_wconf 79' lang='lat' dir='ltr'><strong>et</strong></span> <span class='ocrx_word' id='word_1_271' title='bbox 723 4072 872 4130; x_wconf 90' lang='lat' dir='ltr'><strong>omittitur</strong></span> <span class='ocrx_word' id='word_1_272' title='bbox 893 4071 923 4130; x_wconf 88' lang='lat' dir='ltr'><strong>in</strong></span> <span class='ocrx_word' id='word_1_273' title='bbox 946 4071 971 4128; x_wconf 83' lang='lat' dir='ltr'>A</span> <span class='ocrx_word' id='word_1_274' title='bbox 995 4076 1026 4128; x_wconf 87' lang='lat' dir='ltr'><strong>et</strong></span> <span class='ocrx_word' id='word_1_275' title='bbox 1053 4069 1131 4147; x_wconf 88' lang='lat' dir='ltr'><strong>apud</strong></span> <span class='ocrx_word' id='word_1_276' title='bbox 1151 4051 1286 4126; x_wconf 83' lang='lat' dir='ltr'><strong>Servium.</strong></span> <span class='ocrx_word' id='word_1_277' title='bbox 1307 4089 1343 4100; x_wconf 88' lang='grc'>-</span> 
     </span>
     <span class='ocr_line' id='line_1_36' title="bbox 243 4165 1342 4249; baseline -0.007 -18"><span class='ocrx_word' id='word_1_278' title='bbox 243 4178 365 4234; x_wconf 76' lang='lat' dir='ltr'><strong>eoecetra</strong></span> <span class='ocrx_word' id='word_1_279' title='bbox 387 4175 522 4249; x_wconf 87' lang='lat' dir='ltr'><strong>Servius,</strong></span> <span class='ocrx_word' id='word_1_280' title='bbox 554 4180 573 4234; x_wconf 87' lang='lat' dir='ltr'><strong>i.</strong></span> <span class='ocrx_word' id='word_1_281' title='bbox 597 4195 621 4232; x_wconf 91' lang='lat' dir='ltr'><strong>e.</strong></span> <span class='ocrx_word' id='word_1_282' title='bbox 646 4175 740 4249; x_wconf 85' lang='lat' dir='ltr'><strong>hydra</strong></span> <span class='ocrx_word' id='word_1_283' title='bbox 763 4173 894 4232; x_wconf 74' lang='lat' dir='ltr'><strong>Lernaea.</strong></span> <span class='ocrx_word' id='word_1_284' title='bbox 917 4203 957 4213; x_wconf 92' lang='lat'><em>-</em></span> <span class='ocrx_word' id='word_1_285' title='bbox 981 4165 1138 4244; x_wconf 75' lang='lat' dir='ltr'><strong>AEtoli003</strong></span> <span class='ocrx_word' id='word_1_286' title='bbox 1173 4172 1258 4228; x_wconf 89' lang='lat' dir='ltr'><strong>immo</strong></span> <span class='ocrx_word' id='word_1_287' title='bbox 1277 4165 1342 4238; x_wconf 76' lang='lat' dir='ltr'><strong>Ery·</strong></span> 
     </span>
     <span class='ocr_line' id='line_1_37' title="bbox 242 4274 1341 4352; baseline -0.011 -16"><span class='ocrx_word' id='word_1_288' title='bbox 242 4281 415 4346; x_wconf 78' lang='lat' dir='ltr'><strong>muntlrium,</strong></span> <span class='ocrx_word' id='word_1_289' title='bbox 439 4299 497 4337; x_wconf 87' lang='lat' dir='ltr'><strong>non</strong></span> <span class='ocrx_word' id='word_1_290' title='bbox 521 4279 715 4352; x_wconf 81' lang='lat' dir='ltr'><strong>Calydonium</strong></span> <span class='ocrx_word' id='word_1_291' title='bbox 738 4296 841 4352; x_wconf 86' lang='lat' dir='ltr'><strong>aprum</strong></span> <span class='ocrx_word' id='word_1_292' title='bbox 865 4275 1006 4332; x_wconf 86' lang='lat' dir='ltr'><strong>Hercules</strong></span> <span class='ocrx_word' id='word_1_293' title='bbox 1029 4277 1113 4347; x_wconf 88' lang='lat' dir='ltr'><strong>vicit;</strong></span> <span class='ocrx_word' id='word_1_294' title='bbox 1145 4274 1264 4332; x_wconf 87' lang='lat' dir='ltr'><strong>Plautus</strong></span> <span class='ocrx_word' id='word_1_295' title='bbox 1290 4286 1341 4325; x_wconf 82' lang='lat' dir='ltr'><strong>me-</strong></span> 
     </span>
     <span class='ocr_line' id='line_1_38' title="bbox 242 4372 1342 4460; baseline -0.013 -18"><span class='ocrx_word' id='word_1_296' title='bbox 242 4386 336 4442; x_wconf 86' lang='lat' dir='ltr'><strong>moria</strong></span> <span class='ocrx_word' id='word_1_297' title='bbox 353 4377 451 4460; x_wconf 84' lang='lat' dir='ltr'><strong>lapsus</strong></span> <span class='ocrx_word' id='word_1_298' title='bbox 464 4390 517 4439; x_wconf 83' lang='lat' dir='ltr'><strong>est.</strong></span> <span class='ocrx_word' id='word_1_299' title='bbox 533 4411 569 4420; x_wconf 88' lang='lat'><em>-</em></span> <span class='ocrx_word' id='word_1_300' title='bbox 584 4383 614 4437; x_wconf 76' lang='lat'><strong>4.</strong></span> <span class='ocrx_word' id='word_1_301' title='bbox 638 4374 799 4452; x_wconf 65' lang='lat' dir='ltr'><strong>(tellectum,</strong></span> <span class='ocrx_word' id='word_1_302' title='bbox 820 4379 855 4437; x_wconf 85' lang='lat' dir='ltr'><strong>cf.</strong></span> <span class='ocrx_word' id='word_1_303' title='bbox 870 4378 950 4434; x_wconf 85' lang='lat' dir='ltr'><strong>Trin.</strong></span> <span class='ocrx_word' id='word_1_304' title='bbox 965 4380 1041 4448; x_wconf 77' lang='lat'>840;</span> <span class='ocrx_word' id='word_1_305' title='bbox 1070 4378 1195 4453; x_wconf 88' lang='lat' dir='ltr'><strong>„quibus</strong></span> <span class='ocrx_word' id='word_1_306' title='bbox 1213 4372 1342 4432; x_wconf 81' lang='lat' dir='ltr'><strong>aerumnis</strong></span> 
     </span>
    </p>
   </div>
   <div class='ocr_carea' id='block_1_5' title="bbox 0 0 1448 5004">
    <p class='ocr_par' dir='ltr' id='par_1_8' title="bbox 0 0 1448 5004">
     <span class='ocr_line' id='line_1_39' title="bbox 0 0 1448 5004; baseline 0 0"><span class='ocrx_word' id='word_1_307' title='bbox 0 0 1448 5004; x_wconf 95' lang='lat' dir='ltr'><strong> </strong></span> 
     </span>
    </p>
   </div>
  </div>
 </body>
</html>
