<?xml version="1.0" encoding="UTF-8"?>
<!DOCTYPE html PUBLIC "-//W3C//DTD XHTML 1.0 Transitional//EN"
    "http://www.w3.org/TR/xhtml1/DTD/xhtml1-transitional.dtd">
<html xmlns="http://www.w3.org/1999/xhtml" xml:lang="en" lang="en">
 <head>
  <title>
</title>
<meta http-equiv="Content-Type" content="text/html;charset=utf-8" />
  <meta name='ocr-system' content='tesseract 3.04.00' />
  <meta name='ocr-capabilities' content='ocr_page ocr_carea ocr_par ocr_line ocrx_word'/>
</head>
<body>
  <div class='ocr_page' id='page_1' title='image "./tmacciiplautico04ussigoog_0529.png"; bbox 0 0 2920 4998; ppageno 0'>
   <div class='ocr_carea' id='block_1_1' title="bbox 240 428 861 498">
    <p class='ocr_par' dir='ltr' id='par_1_1' title="bbox 240 428 861 498">
     <span class='ocr_line' id='line_1_1' title="bbox 240 428 861 498; baseline -0.003 -15"><span class='ocrx_word' id='word_1_1' title='bbox 240 437 301 498; x_wconf 80' lang='lat'><strong>520</strong></span> <span class='ocrx_word' id='word_1_2' title='bbox 741 428 861 483; x_wconf 86' lang='lat' dir='ltr'><strong>Stichus.</strong></span> 
     </span>
    </p>
   </div>
   <div class='ocr_carea' id='block_1_2' title="bbox 111 624 1449 4201">
    <p class='ocr_par' dir='ltr' id='par_1_2' title="bbox 236 624 1449 2454">
     <span class='ocr_line' id='line_1_2' title="bbox 239 624 1374 703; baseline -0.002 -19"><span class='ocrx_word' id='word_1_3' title='bbox 239 625 312 685; x_wconf 84' lang='lat' dir='ltr'><strong>nihil</strong></span> <span class='ocrx_word' id='word_1_4' title='bbox 340 629 393 684; x_wconf 87' lang='lat' dir='ltr'><strong>est.</strong></span> <span class='ocrx_word' id='word_1_5' title='bbox 449 624 568 683; x_wconf 88' lang='lat' dir='ltr'><strong>Mulieri</strong></span> <span class='ocrx_word' id='word_1_6' title='bbox 596 625 690 702; x_wconf 82' lang='lat' dir='ltr'><strong>igitur</strong></span> <span class='ocrx_word' id='word_1_7' title='bbox 720 624 801 682; x_wconf 88' lang='lat' dir='ltr'><strong>aliud</strong></span> <span class='ocrx_word' id='word_1_8' title='bbox 830 645 937 687; x_wconf 86' lang='lat' dir='ltr'><strong>nomen</strong></span> <span class='ocrx_word' id='word_1_9' title='bbox 966 625 1157 703; x_wconf 83' lang='lat' dir='ltr'><strong>quaerendum</strong></span> <span class='ocrx_word' id='word_1_10' title='bbox 1186 631 1255 699; x_wconf 90' lang='lat' dir='ltr'><strong>est,</strong></span> <span class='ocrx_word' id='word_1_11' title='bbox 1295 627 1374 702; x_wconf 88' lang='lat' dir='ltr'><strong>quod</strong></span> 
     </span>
     <span class='ocr_line' id='line_1_3' title="bbox 238 727 1449 820; baseline -0.001 -32"><span class='ocrx_word' id='word_1_12' title='bbox 238 732 376 806; x_wconf 90' lang='lat' dir='ltr'><strong>quoniam</strong></span> <span class='ocrx_word' id='word_1_13' title='bbox 399 730 429 786; x_wconf 92' lang='lat' dir='ltr'><strong>in</strong></span> <span class='ocrx_word' id='word_1_14' title='bbox 452 732 590 787; x_wconf 83' lang='lat' dir='ltr'><strong>contextu</strong></span> <span class='ocrx_word' id='word_1_15' title='bbox 613 727 720 786; x_wconf 76' lang='lat' dir='ltr'><strong>fabula</strong></span> <span class='ocrx_word' id='word_1_16' title='bbox 742 747 887 804; x_wconf 80' lang='lat' dir='ltr'><strong>nusquam</strong></span> <span class='ocrx_word' id='word_1_17' title='bbox 911 735 993 789; x_wconf 90' lang='lat' dir='ltr'><strong>certo</strong></span> <span class='ocrx_word' id='word_1_18' title='bbox 1015 729 1134 806; x_wconf 84' lang='lat' dir='ltr'><strong>legitur,</strong></span> <span class='ocrx_word' id='word_1_19' title='bbox 1167 731 1200 787; x_wconf 93' lang='lat' dir='ltr'><strong>in</strong></span> <span class='ocrx_word' id='word_1_20' title='bbox 1223 737 1371 807; x_wconf 87' lang='lat' dir='ltr'><strong>promptu</strong></span> <span class='ocrx_word' id='word_1_21' title='bbox 1448 767 1449 820; x_wconf 42' lang='grc'><strong>6</strong></span> 
     </span>
     <span class='ocr_line' id='line_1_4' title="bbox 238 827 1449 909; baseline -0.002 -17"><span class='ocrx_word' id='word_1_22' title='bbox 238 839 284 892; x_wconf 89' lang='lat' dir='ltr'><strong>est</strong></span> <span class='ocrx_word' id='word_1_23' title='bbox 311 832 349 891; x_wconf 91' lang='lat' dir='ltr'><strong>ad</strong></span> <span class='ocrx_word' id='word_1_24' title='bbox 376 833 460 891; x_wconf 90' lang='lat' dir='ltr'><strong>illum</strong></span> <span class='ocrx_word' id='word_1_25' title='bbox 487 830 609 890; x_wconf 90' lang='lat' dir='ltr'><strong>titulum</strong></span> <span class='ocrx_word' id='word_1_26' title='bbox 636 830 700 890; x_wconf 89' lang='lat' dir='ltr'><strong>cod.</strong></span> <span class='ocrx_word' id='word_1_27' title='bbox 724 830 750 888; x_wconf 82' lang='lat' dir='ltr'>A</span> <span class='ocrx_word' id='word_1_28' title='bbox 773 831 944 909; x_wconf 82' lang='lat' dir='ltr'><strong>confugere,</strong></span> <span class='ocrx_word' id='word_1_29' title='bbox 972 837 1007 892; x_wconf 92' lang='lat' dir='ltr'><strong>ut</strong></span> <span class='ocrx_word' id='word_1_30' title='bbox 1034 836 1086 890; x_wconf 88' lang='lat' dir='ltr'><strong>aut</strong></span> <span class='ocrx_word' id='word_1_31' title='bbox 1106 831 1294 891; x_wconf 73' lang='lat' dir='ltr'><strong>Philumena</strong></span> <span class='ocrx_word' id='word_1_32' title='bbox 1323 837 1371 890; x_wconf 85' lang='lat' dir='ltr'><strong>aul</strong></span> <span class='ocrx_word' id='word_1_33' title='bbox 1446 827 1449 904; x_wconf 92' lang='grc'><strong>6</strong></span> 
     </span>
     <span class='ocr_line' id='line_1_5' title="bbox 238 933 1368 1014; baseline -0.004 -18"><span class='ocrx_word' id='word_1_34' title='bbox 238 935 396 1014; x_wconf 88' lang='lat' dir='ltr'><strong>Pamphila</strong></span> <span class='ocrx_word' id='word_1_35' title='bbox 417 939 548 994; x_wconf 85' lang='lat' dir='ltr'><strong>vocetur.</strong></span> <span class='ocrx_word' id='word_1_36' title='bbox 593 933 778 1011; x_wconf 75' lang='lat' dir='ltr'><strong>Pamphilam</strong></span> <span class='ocrx_word' id='word_1_37' title='bbox 802 953 866 992; x_wconf 90' lang='lat' dir='ltr'><strong>cum</strong></span> <span class='ocrx_word' id='word_1_38' title='bbox 889 935 1052 994; x_wconf 84' lang='lat' dir='ltr'><strong>Ritschelio</strong></span> <span class='ocrx_word' id='word_1_39' title='bbox 1069 933 1214 994; x_wconf 80' lang='lat' dir='ltr'><strong>Goetaius</strong></span> <span class='ocrx_word' id='word_1_40' title='bbox 1239 937 1368 1008; x_wconf 74' lang='lat' dir='ltr'><strong>uocauit,</strong></span> 
     </span>
     <span class='ocr_line' id='line_1_6' title="bbox 238 1037 1368 1116; baseline -0.004 -16"><span class='ocrx_word' id='word_1_41' title='bbox 238 1041 375 1116; x_wconf 82' lang='lat' dir='ltr'>idemque</span> <span class='ocrx_word' id='word_1_42' title='bbox 404 1055 459 1113; x_wconf 83' lang='lat' dir='ltr'><strong>ego</strong></span> <span class='ocrx_word' id='word_1_43' title='bbox 487 1041 612 1115; x_wconf 88' lang='lat' dir='ltr'><strong>propter</strong></span> <span class='ocrx_word' id='word_1_44' title='bbox 633 1055 660 1094; x_wconf 84' lang='lat' dir='ltr'><strong>v.</strong></span> <span class='ocrx_word' id='word_1_45' title='bbox 692 1037 752 1095; x_wconf 83' lang='lat'><strong>394</strong></span> <span class='ocrx_word' id='word_1_46' title='bbox 780 1037 913 1113; x_wconf 79' lang='lat' dir='ltr'><strong>praefero.</strong></span> <span class='ocrx_word' id='word_1_47' title='bbox 969 1039 1003 1096; x_wconf 94' lang='grc'><strong>16</strong></span> <span class='ocrx_word' id='word_1_48' title='bbox 1026 1037 1245 1098; x_wconf 77' lang='lat' dir='ltr'><strong>distribuendis</strong></span> <span class='ocrx_word' id='word_1_49' title='bbox 1270 1043 1368 1096; x_wconf 84' lang='lat' dir='ltr'><strong>autern</strong></span> 
     </span>
     <span class='ocr_line' id='line_1_7' title="bbox 238 1140 1366 1219; baseline -0.004 -17"><span class='ocrx_word' id='word_1_50' title='bbox 238 1140 422 1202; x_wconf 78' lang='lat' dir='ltr'>sermonibus</span> <span class='ocrx_word' id='word_1_51' title='bbox 443 1142 522 1198; x_wconf 90' lang='lat' dir='ltr'><strong>inter</strong></span> <span class='ocrx_word' id='word_1_52' title='bbox 543 1158 668 1212; x_wconf 86' lang='lat' dir='ltr'><strong>sorores,</strong></span> <span class='ocrx_word' id='word_1_53' title='bbox 692 1157 783 1216; x_wconf 91' lang='lat' dir='ltr'><strong>quum</strong></span> <span class='ocrx_word' id='word_1_54' title='bbox 806 1160 874 1199; x_wconf 89' lang='lat' dir='ltr'><strong>raro</strong></span> <span class='ocrx_word' id='word_1_55' title='bbox 891 1141 1078 1217; x_wconf 81' lang='lat' dir='ltr'><strong>ingeniorum</strong></span> <span class='ocrx_word' id='word_1_56' title='bbox 1097 1140 1270 1214; x_wconf 83' lang='lat' dir='ltr'><strong>diversitas,</strong></span> <span class='ocrx_word' id='word_1_57' title='bbox 1296 1141 1366 1219; x_wconf 91' lang='lat' dir='ltr'><strong>quid</strong></span> 
     </span>
     <span class='ocr_line' id='line_1_8' title="bbox 238 1241 1365 1323; baseline -0.002 -19"><span class='ocrx_word' id='word_1_58' title='bbox 238 1265 363 1323; x_wconf 77' lang='lat' dir='ltr'><strong>queque</strong></span> <span class='ocrx_word' id='word_1_59' title='bbox 385 1243 502 1316; x_wconf 81' lang='lat' dir='ltr'>dixerit,</span> <span class='ocrx_word' id='word_1_60' title='bbox 526 1241 639 1315; x_wconf 88' lang='lat' dir='ltr'><strong>doceat,</strong></span> <span class='ocrx_word' id='word_1_61' title='bbox 663 1246 806 1320; x_wconf 89' lang='lat' dir='ltr'><strong>quantum</strong></span> <span class='ocrx_word' id='word_1_62' title='bbox 829 1242 894 1301; x_wconf 85' lang='lat' dir='ltr'><strong>tisri</strong></span> <span class='ocrx_word' id='word_1_63' title='bbox 916 1245 1025 1321; x_wconf 85' lang='lat' dir='ltr'><strong>potuit,</strong></span> <span class='ocrx_word' id='word_1_64' title='bbox 1048 1242 1222 1302; x_wconf 84' lang='lat' dir='ltr'><strong>codicemG</strong></span> <span class='ocrx_word' id='word_1_65' title='bbox 1245 1249 1365 1302; x_wconf 84' lang='lat' dir='ltr'><strong>secutus</strong></span> 
     </span>
     <span class='ocr_line' id='line_1_9' title="bbox 238 1345 1363 1424; baseline 0 -19"><span class='ocrx_word' id='word_1_66' title='bbox 238 1366 316 1420; x_wconf 81' lang='lat' dir='ltr'><strong>sum3</strong></span> <span class='ocrx_word' id='word_1_67' title='bbox 345 1366 413 1404; x_wconf 89' lang='lat' dir='ltr'><strong>nam</strong></span> <span class='ocrx_word' id='word_1_68' title='bbox 438 1345 461 1404; x_wconf 90' lang='lat' dir='ltr'>B</span> <span class='ocrx_word' id='word_1_69' title='bbox 483 1350 593 1423; x_wconf 86' lang='lat' dir='ltr'><strong>praeter</strong></span> <span class='ocrx_word' id='word_1_70' title='bbox 615 1364 769 1405; x_wconf 88' lang='lat' dir='ltr'><strong>scenarum</strong></span> <span class='ocrx_word' id='word_1_71' title='bbox 791 1347 896 1404; x_wconf 87' lang='lat' dir='ltr'><strong>titulos</strong></span> <span class='ocrx_word' id='word_1_72' title='bbox 919 1346 1016 1406; x_wconf 88' lang='lat' dir='ltr'><strong>nullas</strong></span> <span class='ocrx_word' id='word_1_73' title='bbox 1038 1365 1093 1424; x_wconf 88' lang='lat' dir='ltr'><strong>per</strong></span> <span class='ocrx_word' id='word_1_74' title='bbox 1114 1350 1207 1404; x_wconf 89' lang='lat' dir='ltr'><strong>totam</strong></span> <span class='ocrx_word' id='word_1_75' title='bbox 1232 1347 1363 1405; x_wconf 85' lang='lat' dir='ltr'><strong>fabulam</strong></span> 
     </span>
     <span class='ocr_line' id='line_1_10' title="bbox 238 1447 1436 1534; baseline 0 -27"><span class='ocrx_word' id='word_1_76' title='bbox 238 1466 431 1527; x_wconf 87' lang='lat' dir='ltr'><strong>personarum</strong></span> <span class='ocrx_word' id='word_1_77' title='bbox 455 1453 540 1507; x_wconf 90' lang='lat' dir='ltr'><strong>notas</strong></span> <span class='ocrx_word' id='word_1_78' title='bbox 563 1447 662 1521; x_wconf 87' lang='lat' dir='ltr'><strong>habet,</strong></span> <span class='ocrx_word' id='word_1_79' title='bbox 686 1447 817 1525; x_wconf 83' lang='lat' dir='ltr'><strong>Oquum</strong></span> <span class='ocrx_word' id='word_1_80' title='bbox 840 1449 871 1506; x_wconf 93' lang='lat' dir='ltr'><strong>in</strong></span> <span class='ocrx_word' id='word_1_81' title='bbox 893 1450 997 1525; x_wconf 87' lang='lat' dir='ltr'><strong>mediis</strong></span> <span class='ocrx_word' id='word_1_82' title='bbox 1020 1449 1154 1508; x_wconf 86' lang='lat' dir='ltr'><strong>versibus</strong></span> <span class='ocrx_word' id='word_1_83' title='bbox 1177 1449 1242 1508; x_wconf 83' lang='lat' dir='ltr'><strong>lere</strong></span> <span class='ocrx_word' id='word_1_84' title='bbox 1266 1451 1364 1528; x_wconf 83' lang='lat' dir='ltr'><strong>spatis</strong></span> <span class='ocrx_word' id='word_1_85' title='bbox 1435 1513 1436 1534; x_wconf 23' lang='lat'>¹</span> 
     </span>
     <span class='ocr_line' id='line_1_11' title="bbox 238 1525 1437 1630; baseline -0.003 -19"><span class='ocrx_word' id='word_1_86' title='bbox 238 1571 331 1611; x_wconf 87' lang='lat' dir='ltr'><strong>vacua</strong></span> <span class='ocrx_word' id='word_1_87' title='bbox 346 1549 487 1628; x_wconf 82' lang='lat' dir='ltr'><strong>prebeat,</strong></span> <span class='ocrx_word' id='word_1_88' title='bbox 508 1555 605 1610; x_wconf 75' lang='lat' dir='ltr'><strong>tannen</strong></span> <span class='ocrx_word' id='word_1_89' title='bbox 624 1555 655 1609; x_wconf 87' lang='lat' dir='ltr'><strong>et</strong></span> <span class='ocrx_word' id='word_1_90' title='bbox 671 1549 711 1607; x_wconf 93' lang='lat' dir='ltr'><strong>ibi</strong></span> <span class='ocrx_word' id='word_1_91' title='bbox 730 1551 880 1610; x_wconf 87' lang='lat' dir='ltr'><strong>interdum</strong></span> <span class='ocrx_word' id='word_1_92' title='bbox 899 1558 929 1610; x_wconf 88' lang='lat' dir='ltr'><strong>et</strong></span> <span class='ocrx_word' id='word_1_93' title='bbox 946 1525 983 1610; x_wconf 46' lang='lat' dir='ltr'><strong>in·</strong></span> <span class='ocrx_word' id='word_1_94' title='bbox 993 1553 1158 1630; x_wconf 78' lang='lat' dir='ltr'><strong>principiis,</strong></span> <span class='ocrx_word' id='word_1_95' title='bbox 1181 1553 1207 1610; x_wconf 89' lang='lat' dir='ltr'><strong>si</strong></span> <span class='ocrx_word' id='word_1_96' title='bbox 1233 1555 1362 1628; x_wconf 74' lang='lat' dir='ltr'><strong>excipias</strong></span> <span class='ocrx_word' id='word_1_97' title='bbox 1435 1538 1437 1602; x_wconf 86' lang='lat' dir='ltr'><strong>l</strong></span> 
     </span>
     <span class='ocr_line' id='line_1_12' title="bbox 238 1650 1362 1729; baseline -0.003 -15"><span class='ocrx_word' id='word_1_98' title='bbox 238 1675 265 1714; x_wconf 86' lang='lat' dir='ltr'><strong>v.</strong></span> <span class='ocrx_word' id='word_1_99' title='bbox 293 1655 351 1715; x_wconf 93' lang='grc'><strong>110</strong></span> <span class='ocrx_word' id='word_1_100' title='bbox 381 1652 420 1711; x_wconf 91' lang='lat' dir='ltr'><strong>ad</strong></span> <span class='ocrx_word' id='word_1_101' title='bbox 449 1655 524 1726; x_wconf 82' lang='grc'><strong>237,</strong></span> <span class='ocrx_word' id='word_1_102' title='bbox 558 1673 618 1712; x_wconf 84' lang='grc'><strong>666</strong></span> <span class='ocrx_word' id='word_1_103' title='bbox 645 1671 714 1712; x_wconf 86' lang='lat' dir='ltr'><strong>raro</strong></span> <span class='ocrx_word' id='word_1_104' title='bbox 747 1655 888 1714; x_wconf 86' lang='lat' dir='ltr'><strong>servavit.</strong></span> <span class='ocrx_word' id='word_1_105' title='bbox 928 1683 969 1695; x_wconf 90' lang='lat'><strong>-·-</strong></span> <span class='ocrx_word' id='word_1_106' title='bbox 1008 1654 1147 1713; x_wconf 80' lang='lat' dir='ltr'><strong>Fratrum</strong></span> <span class='ocrx_word' id='word_1_107' title='bbox 1176 1655 1256 1713; x_wconf 88' lang='lat' dir='ltr'><strong>alter</strong></span> <span class='ocrx_word' id='word_1_108' title='bbox 1284 1650 1362 1729; x_wconf 70' lang='lat' dir='ltr'><strong>Epi·</strong></span> 
     </span>
     <span class='ocr_line' id='line_1_13' title="bbox 236 1755 1358 1838; baseline 0 -22"><span class='ocrx_word' id='word_1_109' title='bbox 236 1771 372 1836; x_wconf 75' lang='lat' dir='ltr'><strong>pnomus</strong></span> <span class='ocrx_word' id='word_1_110' title='bbox 404 1755 513 1814; x_wconf 89' lang='lat' dir='ltr'><strong>dicitur</strong></span> <span class='ocrx_word' id='word_1_111' title='bbox 545 1755 663 1814; x_wconf 89' lang='lat' dir='ltr'><strong>nomine</strong></span> <span class='ocrx_word' id='word_1_112' title='bbox 697 1775 757 1815; x_wconf 92' lang='lat' dir='ltr'><strong>non</strong></span> <span class='ocrx_word' id='word_1_113' title='bbox 790 1756 908 1816; x_wconf 78' lang='lat' dir='ltr'><strong>aliunde</strong></span> <span class='ocrx_word' id='word_1_114' title='bbox 942 1761 1013 1814; x_wconf 92' lang='lat' dir='ltr'><strong>noto</strong></span> <span class='ocrx_word' id='word_1_115' title='bbox 1041 1763 1071 1814; x_wconf 91' lang='lat' dir='ltr'><strong>et</strong></span> <span class='ocrx_word' id='word_1_116' title='bbox 1100 1757 1136 1814; x_wconf 87' lang='lat' dir='ltr'><strong>de</strong></span> <span class='ocrx_word' id='word_1_117' title='bbox 1163 1777 1223 1835; x_wconf 91' lang='lat' dir='ltr'><strong>qno</strong></span> <span class='ocrx_word' id='word_1_118' title='bbox 1253 1758 1358 1838; x_wconf 78' lang='lat' dir='ltr'><strong>Bergk.</strong></span> 
     </span>
     <span class='ocr_line' id='line_1_14' title="bbox 238 1852 1358 1938; baseline 0 -20"><span class='ocrx_word' id='word_1_119' title='bbox 238 1859 384 1938; x_wconf 83' lang='lat' dir='ltr'><strong>Fleckeis.</strong></span> <span class='ocrx_word' id='word_1_120' title='bbox 414 1859 523 1934; x_wconf 89' lang='lat' dir='ltr'><strong>aliique</strong></span> <span class='ocrx_word' id='word_1_121' title='bbox 552 1857 744 1932; x_wconf 58' lang='lat' dir='ltr'><strong>dubitaruntt</strong></span> <span class='ocrx_word' id='word_1_122' title='bbox 761 1859 863 1918; x_wconf 78' lang='lat' dir='ltr'><strong>alteri</strong></span> <span class='ocrx_word' id='word_1_123' title='bbox 891 1859 978 1918; x_wconf 85' lang='lat' dir='ltr'><strong>fratri</strong></span> <span class='ocrx_word' id='word_1_124' title='bbox 1002 1852 1226 1936; x_wconf 77' lang='lat' dir='ltr'><strong>Pamphilippe</strong></span> <span class='ocrx_word' id='word_1_125' title='bbox 1253 1881 1358 1920; x_wconf 88' lang='lat' dir='ltr'><strong>nomen</strong></span> 
     </span>
     <span class='ocr_line' id='line_1_15' title="bbox 239 1960 1358 2042; baseline -0.002 -20"><span class='ocrx_word' id='word_1_126' title='bbox 239 1969 292 2022; x_wconf 91' lang='lat' dir='ltr'><strong>est.</strong></span> <span class='ocrx_word' id='word_1_127' title='bbox 359 1962 394 2022; x_wconf 87' lang='lat' dir='ltr'><strong>R.</strong></span> <span class='ocrx_word' id='word_1_128' title='bbox 423 1960 609 2036; x_wconf 90' lang='lat' dir='ltr'><strong>Pamphilum</strong></span> <span class='ocrx_word' id='word_1_129' title='bbox 644 1962 733 2034; x_wconf 83' lang='lat' dir='ltr'><strong>dixit,</strong></span> <span class='ocrx_word' id='word_1_130' title='bbox 767 1963 849 2038; x_wconf 91' lang='lat' dir='ltr'><strong>quod</strong></span> <span class='ocrx_word' id='word_1_131' title='bbox 877 1964 902 2020; x_wconf 80' lang='lat' dir='ltr'>A</span> <span class='ocrx_word' id='word_1_132' title='bbox 932 1982 959 2021; x_wconf 86' lang='lat' dir='ltr'><strong>v.</strong></span> <span class='ocrx_word' id='word_1_133' title='bbox 991 1964 1051 2022; x_wconf 86' lang='grc'><strong>394</strong></span> <span class='ocrx_word' id='word_1_134' title='bbox 1080 1963 1209 2042; x_wconf 83' lang='lat' dir='ltr'><strong>prebet,</strong></span> <span class='ocrx_word' id='word_1_135' title='bbox 1246 1967 1298 2024; x_wconf 86' lang='lat' dir='ltr'><strong>sed</strong></span> <span class='ocrx_word' id='word_1_136' title='bbox 1331 1973 1358 2020; x_wconf 77' lang='lat' dir='ltr'><strong>at</strong></span> 
     </span>
     <span class='ocr_line' id='line_1_16' title="bbox 239 2065 1359 2141; baseline 0.002 -17"><span class='ocrx_word' id='word_1_137' title='bbox 239 2067 330 2125; x_wconf 85' lang='lat' dir='ltr'><strong>ceteri</strong></span> <span class='ocrx_word' id='word_1_138' title='bbox 353 2065 438 2124; x_wconf 88' lang='lat' dir='ltr'><strong>codd.</strong></span> <span class='ocrx_word' id='word_1_139' title='bbox 462 2068 633 2122; x_wconf 77' lang='lat' dir='ltr'><strong>constanter</strong></span> <span class='ocrx_word' id='word_1_140' title='bbox 662 2069 692 2123; x_wconf 87' lang='lat' dir='ltr'><strong>et</strong></span> <span class='ocrx_word' id='word_1_141' title='bbox 713 2067 778 2141; x_wconf 90' lang='lat' dir='ltr'><strong>ipse</strong></span> <span class='ocrx_word' id='word_1_142' title='bbox 804 2065 829 2122; x_wconf 83' lang='lat' dir='ltr'>A</span> <span class='ocrx_word' id='word_1_143' title='bbox 854 2068 928 2137; x_wconf 86' lang='grc'><strong>508,</strong></span> <span class='ocrx_word' id='word_1_144' title='bbox 962 2067 1037 2138; x_wconf 83' lang='grc'><strong>529,</strong></span> <span class='ocrx_word' id='word_1_145' title='bbox 1069 2068 1129 2126; x_wconf 80' lang='grc'><strong>598</strong></span> <span class='ocrx_word' id='word_1_146' title='bbox 1153 2073 1185 2125; x_wconf 87' lang='lat' dir='ltr'><strong>et</strong></span> <span class='ocrx_word' id='word_1_147' title='bbox 1211 2069 1244 2126; x_wconf 94' lang='lat' dir='ltr'><strong>in</strong></span> <span class='ocrx_word' id='word_1_148' title='bbox 1267 2069 1359 2126; x_wconf 77' lang='lat' dir='ltr'><strong>titulo</strong></span> 
     </span>
     <span class='ocr_line' id='line_1_17' title="bbox 238 2167 1356 2245; baseline 0 -17"><span class='ocrx_word' id='word_1_149' title='bbox 238 2189 332 2228; x_wconf 85' lang='lat' dir='ltr'><strong>sccnae</strong></span> <span class='ocrx_word' id='word_1_150' title='bbox 359 2188 387 2227; x_wconf 87' lang='lat' dir='ltr'><strong>v.</strong></span> <span class='ocrx_word' id='word_1_151' title='bbox 420 2168 480 2226; x_wconf 90' lang='grc'><strong>507</strong></span> <span class='ocrx_word' id='word_1_152' title='bbox 513 2167 594 2224; x_wconf 90' lang='lat' dir='ltr'><strong>illam</strong></span> <span class='ocrx_word' id='word_1_153' title='bbox 628 2167 751 2226; x_wconf 81' lang='lat' dir='ltr'><strong>formam</strong></span> <span class='ocrx_word' id='word_1_154' title='bbox 785 2173 903 2241; x_wconf 89' lang='lat' dir='ltr'><strong>tuetur,</strong></span> <span class='ocrx_word' id='word_1_155' title='bbox 936 2173 971 2227; x_wconf 91' lang='grc'><strong>66</strong></span> <span class='ocrx_word' id='word_1_156' title='bbox 1004 2174 1150 2245; x_wconf 86' lang='lat' dir='ltr'><strong>appareat</strong></span> <span class='ocrx_word' id='word_1_157' title='bbox 1182 2189 1246 2228; x_wconf 88' lang='lat' dir='ltr'><strong>eam</strong></span> <span class='ocrx_word' id='word_1_158' title='bbox 1280 2181 1356 2228; x_wconf 82' lang='lat' dir='ltr'><strong>rente</strong></span> 
     </span>
     <span class='ocr_line' id='line_1_18' title="bbox 239 2268 1355 2346; baseline 0 -14"><span class='ocrx_word' id='word_1_159' title='bbox 239 2269 397 2332; x_wconf 85' lang='lat' dir='ltr'><strong>aGoetzio</strong></span> <span class='ocrx_word' id='word_1_160' title='bbox 420 2271 586 2328; x_wconf 82' lang='lat' dir='ltr'><strong>restitutam</strong></span> <span class='ocrx_word' id='word_1_161' title='bbox 610 2289 681 2328; x_wconf 86' lang='lat' dir='ltr'><strong>esse.</strong></span> <span class='ocrx_word' id='word_1_162' title='bbox 728 2268 841 2329; x_wconf 86' lang='lat' dir='ltr'><strong>Nomen</strong></span> <span class='ocrx_word' id='word_1_163' title='bbox 864 2271 1016 2330; x_wconf 88' lang='lat' dir='ltr'><strong>insolitum</strong></span> <span class='ocrx_word' id='word_1_164' title='bbox 1037 2276 1092 2346; x_wconf 89' lang='lat' dir='ltr'><strong>est,</strong></span> <span class='ocrx_word' id='word_1_165' title='bbox 1115 2271 1166 2330; x_wconf 90' lang='lat' dir='ltr'><strong>sed</strong></span> <span class='ocrx_word' id='word_1_166' title='bbox 1189 2293 1249 2331; x_wconf 94' lang='lat' dir='ltr'><strong>non</strong></span> <span class='ocrx_word' id='word_1_167' title='bbox 1267 2273 1355 2332; x_wconf 87' lang='lat' dir='ltr'><strong>incre·</strong></span> 
     </span>
     <span class='ocr_line' id='line_1_19' title="bbox 238 2371 1354 2454; baseline 0 -22"><span class='ocrx_word' id='word_1_168' title='bbox 238 2373 344 2444; x_wconf 73' lang='lat' dir='ltr'><strong>dibile,</strong></span> <span class='ocrx_word' id='word_1_169' title='bbox 377 2392 442 2430; x_wconf 90' lang='lat' dir='ltr'><strong>nam</strong></span> <span class='ocrx_word' id='word_1_170' title='bbox 474 2371 631 2450; x_wconf 85' lang='lat' dir='ltr'><strong>Posidippi</strong></span> <span class='ocrx_word' id='word_1_171' title='bbox 660 2391 767 2431; x_wconf 89' lang='lat' dir='ltr'><strong>nomen</strong></span> <span class='ocrx_word' id='word_1_172' title='bbox 795 2373 884 2450; x_wconf 78' lang='lat' dir='ltr'><strong>vulgo</strong></span> <span class='ocrx_word' id='word_1_173' title='bbox 915 2377 1017 2431; x_wconf 91' lang='lat' dir='ltr'><strong>notum</strong></span> <span class='ocrx_word' id='word_1_174' title='bbox 1047 2380 1107 2446; x_wconf 86' lang='lat' dir='ltr'><strong>est;</strong></span> <span class='ocrx_word' id='word_1_175' title='bbox 1139 2374 1198 2432; x_wconf 89' lang='lat' dir='ltr'><strong>alia</strong></span> <span class='ocrx_word' id='word_1_176' title='bbox 1233 2376 1354 2454; x_wconf 85' lang='lat' dir='ltr'><strong>duplicis</strong></span> 
     </span>
    </p>

    <p class='ocr_par' dir='ltr' id='par_1_3' title="bbox 111 2475 1449 4201">
     <span class='ocr_line' id='line_1_20' title="bbox 111 2475 1449 2554; baseline 0.001 -18"><span class='ocrx_word' id='word_1_177' title='bbox 111 2507 115 2514; x_wconf 53' lang='grc'><strong>»</strong></span> <span class='ocrx_word' id='word_1_178' title='bbox 237 2476 458 2552; x_wconf 87' lang='lat' dir='ltr'><strong>compositionis</strong></span> <span class='ocrx_word' id='word_1_179' title='bbox 482 2477 617 2552; x_wconf 87' lang='lat' dir='ltr'><strong>exempla</strong></span> <span class='ocrx_word' id='word_1_180' title='bbox 640 2496 675 2534; x_wconf 90' lang='lat' dir='ltr'><strong>ex</strong></span> <span class='ocrx_word' id='word_1_181' title='bbox 692 2475 799 2535; x_wconf 88' lang='lat' dir='ltr'><strong>Plauto</strong></span> <span class='ocrx_word' id='word_1_182' title='bbox 822 2475 922 2534; x_wconf 88' lang='lat' dir='ltr'><strong>afferri</strong></span> <span class='ocrx_word' id='word_1_183' title='bbox 943 2483 1069 2553; x_wconf 82' lang='lat' dir='ltr'><strong>possunt</strong></span> <span class='ocrx_word' id='word_1_184' title='bbox 1091 2476 1352 2553; x_wconf 74' lang='lat' dir='ltr'><strong>Theodoromedes,</strong></span> <span class='ocrx_word' id='word_1_185' title='bbox 1435 2493 1449 2554; x_wconf 45' lang='lat'><strong><em>3</em></strong></span> 
     </span>
     <span class='ocr_line' id='line_1_21' title="bbox 238 2576 1436 2657; baseline 0.001 -18"><span class='ocrx_word' id='word_1_186' title='bbox 238 2579 467 2657; x_wconf 80' lang='lat' dir='ltr'><strong>Stratippocles,</strong></span> <span class='ocrx_word' id='word_1_187' title='bbox 497 2597 533 2636; x_wconf 90' lang='lat' dir='ltr'><strong>ex</strong></span> <span class='ocrx_word' id='word_1_188' title='bbox 555 2576 665 2636; x_wconf 69' lang='lat' dir='ltr'><strong>Graecis</strong></span> <span class='ocrx_word' id='word_1_189' title='bbox 693 2577 965 2654; x_wconf 78' lang='lat' dir='ltr'><strong>Theodoronymos,</strong></span> <span class='ocrx_word' id='word_1_190' title='bbox 1000 2598 1036 2637; x_wconf 89' lang='lat' dir='ltr'><strong>ne</strong></span> <span class='ocrx_word' id='word_1_191' title='bbox 1065 2599 1100 2637; x_wconf 85' lang='lat' dir='ltr'><strong>aa</strong></span> <span class='ocrx_word' id='word_1_192' title='bbox 1127 2599 1351 2654; x_wconf 87' lang='lat' dir='ltr'><strong>commemorem,</strong></span> <span class='ocrx_word' id='word_1_193' title='bbox 1435 2607 1436 2616; x_wconf 57' lang='lat'>2</span> 
     </span>
     <span class='ocr_line' id='line_1_22' title="bbox 238 2677 1352 2761; baseline 0.002 -20"><span class='ocrx_word' id='word_1_194' title='bbox 238 2701 302 2761; x_wconf 77' lang='lat' dir='ltr'><strong>que</strong></span> <span class='ocrx_word' id='word_1_195' title='bbox 325 2683 443 2741; x_wconf 90' lang='lat' dir='ltr'><strong>ridiculi</strong></span> <span class='ocrx_word' id='word_1_196' title='bbox 472 2701 559 2740; x_wconf 84' lang='lat' dir='ltr'><strong>causa</strong></span> <span class='ocrx_word' id='word_1_197' title='bbox 587 2685 751 2759; x_wconf 89' lang='lat' dir='ltr'><strong>composita</strong></span> <span class='ocrx_word' id='word_1_198' title='bbox 773 2686 852 2744; x_wconf 85' lang='lat' dir='ltr'><strong>aunt.</strong></span> <span class='ocrx_word' id='word_1_199' title='bbox 879 2711 919 2721; x_wconf 89' lang='lat'><em>-</em></span> <span class='ocrx_word' id='word_1_200' title='bbox 948 2679 1105 2740; x_wconf 87' lang='lat' dir='ltr'><strong>Servorum</strong></span> <span class='ocrx_word' id='word_1_201' title='bbox 1135 2685 1212 2742; x_wconf 87' lang='lat' dir='ltr'><strong>alter</strong></span> <span class='ocrx_word' id='word_1_202' title='bbox 1236 2677 1352 2743; x_wconf 75' lang='lat' dir='ltr'><strong>Stichus</strong></span> 
     </span>
     <span class='ocr_line' id='line_1_23' title="bbox 237 2778 1449 2866; baseline 0.002 -21"><span class='ocrx_word' id='word_1_203' title='bbox 237 2785 419 2862; x_wconf 82' lang='lat' dir='ltr'><strong>appellatur,</strong></span> <span class='ocrx_word' id='word_1_204' title='bbox 454 2785 530 2843; x_wconf 86' lang='lat' dir='ltr'><strong>alter</strong></span> <span class='ocrx_word' id='word_1_205' title='bbox 558 2790 588 2842; x_wconf 90' lang='lat' dir='ltr'><strong>et</strong></span> <span class='ocrx_word' id='word_1_206' title='bbox 615 2787 646 2842; x_wconf 95' lang='lat' dir='ltr'><strong>in</strong></span> <span class='ocrx_word' id='word_1_207' title='bbox 669 2784 695 2842; x_wconf 81' lang='lat' dir='ltr'>A</span> <span class='ocrx_word' id='word_1_208' title='bbox 717 2789 747 2842; x_wconf 87' lang='lat' dir='ltr'><strong>et</strong></span> <span class='ocrx_word' id='word_1_209' title='bbox 775 2786 806 2842; x_wconf 93' lang='lat' dir='ltr'><strong>in</strong></span> <span class='ocrx_word' id='word_1_210' title='bbox 827 2783 876 2842; x_wconf 83' lang='lat' dir='ltr'><strong>Bc</strong></span> <span class='ocrx_word' id='word_1_211' title='bbox 899 2789 1068 2843; x_wconf 86' lang='lat' dir='ltr'><strong>constanter</strong></span> <span class='ocrx_word' id='word_1_212' title='bbox 1092 2778 1295 2862; x_wconf 59' lang='lat' dir='ltr'><strong>Sangarinus</strong></span> <span class='ocrx_word' id='word_1_213' title='bbox 1315 2785 1351 2860; x_wconf 82' lang='lat' dir='ltr'><strong>(r.</strong></span> <span class='ocrx_word' id='word_1_214' title='bbox 1446 2843 1449 2866; x_wconf 20' lang='lat'><strong>,¹</strong></span> 
     </span>
     <span class='ocr_line' id='line_1_24' title="bbox 237 2884 1351 2965; baseline 0 -17"><span class='ocrx_word' id='word_1_215' title='bbox 237 2888 309 2964; x_wconf 83' lang='lat'><strong>434,</strong></span> <span class='ocrx_word' id='word_1_216' title='bbox 332 2889 404 2962; x_wconf 87' lang='grc'><strong>440,</strong></span> <span class='ocrx_word' id='word_1_217' title='bbox 429 2889 499 2964; x_wconf 78' lang='lat'><strong>442,</strong></span> <span class='ocrx_word' id='word_1_218' title='bbox 523 2889 597 2961; x_wconf 90' lang='grc'><strong>644,</strong></span> <span class='ocrx_word' id='word_1_219' title='bbox 623 2889 699 2960; x_wconf 89' lang='grc'><strong>660,</strong></span> <span class='ocrx_word' id='word_1_220' title='bbox 725 2888 801 2961; x_wconf 87' lang='grc'><strong>679,</strong></span> <span class='ocrx_word' id='word_1_221' title='bbox 826 2887 887 2944; x_wconf 92' lang='grc'><strong>747</strong></span> <span class='ocrx_word' id='word_1_222' title='bbox 911 2887 1069 2946; x_wconf 82' lang='lat' dir='ltr'><strong>attitulas</strong></span> <span class='ocrx_word' id='word_1_223' title='bbox 1092 2895 1161 2946; x_wconf 91' lang='lat' dir='ltr'><strong>ante</strong></span> <span class='ocrx_word' id='word_1_224' title='bbox 1186 2884 1276 2965; x_wconf 78' lang='lat'><strong>682),</strong></span> <span class='ocrx_word' id='word_1_225' title='bbox 1305 2891 1351 2948; x_wconf 83' lang='lat' dir='ltr'><strong>sed</strong></span> 
     </span>
     <span class='ocr_line' id='line_1_25' title="bbox 236 2991 1352 3069; baseline 0 -19"><span class='ocrx_word' id='word_1_226' title='bbox 236 2992 360 3069; x_wconf 83' lang='lat' dir='ltr'><strong>gentilia</strong></span> <span class='ocrx_word' id='word_1_227' title='bbox 387 2992 506 3050; x_wconf 89' lang='lat' dir='ltr'><strong>nomina</strong></span> <span class='ocrx_word' id='word_1_228' title='bbox 534 2993 564 3048; x_wconf 92' lang='lat' dir='ltr'><strong>in</strong></span> <span class='ocrx_word' id='word_1_229' title='bbox 591 2992 657 3050; x_wconf 89' lang='lat' dir='ltr'><strong>inus</strong></span> <span class='ocrx_word' id='word_1_230' title='bbox 686 2991 824 3048; x_wconf 84' lang='lat' dir='ltr'><strong>exeuntia</strong></span> <span class='ocrx_word' id='word_1_231' title='bbox 852 2992 1061 3067; x_wconf 88' lang='lat' dir='ltr'><strong>perispomena</strong></span> <span class='ocrx_word' id='word_1_232' title='bbox 1082 2994 1167 3064; x_wconf 90' lang='lat' dir='ltr'><strong>sunt,</strong></span> <span class='ocrx_word' id='word_1_233' title='bbox 1203 2997 1237 3050; x_wconf 93' lang='lat' dir='ltr'><strong>nt</strong></span> <span class='ocrx_word' id='word_1_234' title='bbox 1266 2993 1352 3052; x_wconf 79' lang='lat' dir='ltr'><strong>torma</strong></span> 
     </span>
     <span class='ocr_line' id='line_1_26' title="bbox 236 3093 1349 3170; baseline 0.001 -17"><span class='ocrx_word' id='word_1_235' title='bbox 236 3096 364 3155; x_wconf 88' lang='lat' dir='ltr'><strong>nominis</strong></span> <span class='ocrx_word' id='word_1_236' title='bbox 393 3093 574 3153; x_wconf 88' lang='lat' dir='ltr'><strong>ditrochaica</strong></span> <span class='ocrx_word' id='word_1_237' title='bbox 604 3093 763 3166; x_wconf 87' lang='lat' dir='ltr'><strong>efficiatur,</strong></span> <span class='ocrx_word' id='word_1_238' title='bbox 799 3113 886 3170; x_wconf 87' lang='lat' dir='ltr'><strong>quam</strong></span> <span class='ocrx_word' id='word_1_239' title='bbox 915 3111 1017 3150; x_wconf 84' lang='lat' dir='ltr'><strong>versus</strong></span> <span class='ocrx_word' id='word_1_240' title='bbox 1046 3093 1128 3152; x_wconf 89' lang='lat' dir='ltr'><strong>allati</strong></span> <span class='ocrx_word' id='word_1_241' title='bbox 1157 3114 1217 3153; x_wconf 92' lang='lat' dir='ltr'><strong>non</strong></span> <span class='ocrx_word' id='word_1_242' title='bbox 1252 3097 1349 3154; x_wconf 83' lang='lat' dir='ltr'><strong>ferunt.</strong></span> 
     </span>
     <span class='ocr_line' id='line_1_27' title="bbox 236 3193 1350 3276; baseline 0 -20"><span class='ocrx_word' id='word_1_243' title='bbox 236 3199 340 3276; x_wconf 85' lang='lat' dir='ltr'><strong>ltaque</strong></span> <span class='ocrx_word' id='word_1_244' title='bbox 374 3203 426 3256; x_wconf 91' lang='lat' dir='ltr'><strong>aut</strong></span> <span class='ocrx_word' id='word_1_245' title='bbox 458 3217 524 3255; x_wconf 89' lang='lat' dir='ltr'><strong>cum</strong></span> <span class='ocrx_word' id='word_1_246' title='bbox 553 3195 707 3260; x_wconf 50' lang='lat' dir='ltr'><strong>Salmasio,</strong></span> <span class='ocrx_word' id='word_1_247' title='bbox 727 3201 757 3253; x_wconf 88' lang='lat' dir='ltr'><strong>et</strong></span> <span class='ocrx_word' id='word_1_248' title='bbox 787 3195 948 3254; x_wconf 88' lang='lat' dir='ltr'><strong>Ritschelio</strong></span> <span class='ocrx_word' id='word_1_249' title='bbox 979 3193 1139 3271; x_wconf 77' lang='lat' dir='ltr'><strong>Sagarinus</strong></span> <span class='ocrx_word' id='word_1_250' title='bbox 1173 3197 1350 3258; x_wconf 85' lang='lat' dir='ltr'><strong>scribendum</strong></span> 
     </span>
     <span class='ocr_line' id='line_1_28' title="bbox 237 3290 1349 3377; baseline -0.002 -18"><span class='ocrx_word' id='word_1_251' title='bbox 237 3305 288 3359; x_wconf 88' lang='lat' dir='ltr'><strong>aut</strong></span> <span class='ocrx_word' id='word_1_252' title='bbox 310 3321 375 3360; x_wconf 89' lang='lat' dir='ltr'><strong>cum</strong></span> <span class='ocrx_word' id='word_1_253' title='bbox 399 3299 528 3377; x_wconf 84' lang='lat' dir='ltr'><strong>Bergkio</strong></span> <span class='ocrx_word' id='word_1_254' title='bbox 551 3295 707 3375; x_wconf 87' lang='lat' dir='ltr'><strong>(Zeitschr.</strong></span> <span class='ocrx_word' id='word_1_255' title='bbox 732 3299 751 3358; x_wconf 87' lang='lat' dir='ltr'><strong>f.</strong></span> <span class='ocrx_word' id='word_1_256' title='bbox 775 3298 903 3356; x_wconf 82' lang='lat' dir='ltr'><strong>Alterth.</strong></span> <span class='ocrx_word' id='word_1_257' title='bbox 931 3299 1009 3356; x_wconf 86' lang='grc'><strong>1650</strong></span> <span class='ocrx_word' id='word_1_258' title='bbox 1033 3320 1062 3376; x_wconf 96' lang='lat' dir='ltr'><strong>p.</strong></span> <span class='ocrx_word' id='word_1_259' title='bbox 1089 3293 1165 3374; x_wconf 87' lang='grc'><strong>337)</strong></span> <span class='ocrx_word' id='word_1_260' title='bbox 1189 3290 1349 3377; x_wconf 80' lang='lat' dir='ltr'><strong>Sangarius.</strong></span> 
     </span>
     <span class='ocr_line' id='line_1_29' title="bbox 235 3399 1349 3478; baseline -0.003 -16"><span class='ocrx_word' id='word_1_261' title='bbox 235 3404 320 3463; x_wconf 87' lang='lat' dir='ltr'><strong>Illam</strong></span> <span class='ocrx_word' id='word_1_262' title='bbox 348 3405 474 3462; x_wconf 89' lang='lat' dir='ltr'><strong>formam</strong></span> <span class='ocrx_word' id='word_1_263' title='bbox 502 3401 688 3462; x_wconf 89' lang='lat' dir='ltr'><strong>commendat</strong></span> <span class='ocrx_word' id='word_1_264' title='bbox 710 3421 817 3460; x_wconf 88' lang='lat' dir='ltr'><strong>nomen</strong></span> <span class='ocrx_word' id='word_1_265' title='bbox 840 3402 961 3478; x_wconf 68' lang='grc' dir='ltr'><strong><em>Σάγαρις</em></strong></span> <span class='ocrx_word' id='word_1_266' title='bbox 984 3401 1063 3478; x_wconf 91' lang='lat' dir='ltr'><strong>apud</strong></span> <span class='ocrx_word' id='word_1_267' title='bbox 1086 3399 1174 3476; x_wconf 81' lang='lat' dir='ltr'><strong>Diog.</strong></span> <span class='ocrx_word' id='word_1_268' title='bbox 1199 3401 1296 3462; x_wconf 87' lang='lat' dir='ltr'><strong>Laert.</strong></span> <span class='ocrx_word' id='word_1_269' title='bbox 1317 3405 1349 3474; x_wconf 87' lang='lat' dir='ltr'><strong>fl,</strong></span> 
     </span>
     <span class='ocr_line' id='line_1_30' title="bbox 236 3503 1351 3584; baseline -0.001 -20"><span class='ocrx_word' id='word_1_270' title='bbox 236 3507 286 3565; x_wconf 90' lang='grc'><strong>46.</strong></span> <span class='ocrx_word' id='word_1_271' title='bbox 325 3505 433 3565; x_wconf 83' lang='lat' dir='ltr'><strong>Athen.</strong></span> <span class='ocrx_word' id='word_1_272' title='bbox 452 3505 519 3577; x_wconf 89' lang='lat' dir='ltr'><strong>XII,</strong></span> <span class='ocrx_word' id='word_1_273' title='bbox 546 3507 604 3564; x_wconf 84' lang='grc'><strong>530</strong></span> <span class='ocrx_word' id='word_1_274' title='bbox 624 3527 639 3563; x_wconf 83' lang='grc'><strong>6</strong></span> <span class='ocrx_word' id='word_1_275' title='bbox 656 3510 685 3562; x_wconf 90' lang='lat' dir='ltr'><strong>et</strong></span> <span class='ocrx_word' id='word_1_276' title='bbox 702 3504 867 3579; x_wconf 83' lang='lat' dir='ltr'><strong>Sagaristio</strong></span> <span class='ocrx_word' id='word_1_277' title='bbox 890 3505 919 3562; x_wconf 93' lang='lat' dir='ltr'><strong>in</strong></span> <span class='ocrx_word' id='word_1_278' title='bbox 937 3504 1028 3562; x_wconf 90' lang='lat' dir='ltr'><strong>Persa</strong></span> <span class='ocrx_word' id='word_1_279' title='bbox 1045 3503 1153 3578; x_wconf 92' lang='lat' dir='ltr'><strong>Plauti,</strong></span> <span class='ocrx_word' id='word_1_280' title='bbox 1179 3505 1351 3584; x_wconf 86' lang='lat' dir='ltr'><strong>eandemque</strong></span> 
     </span>
     <span class='ocr_line' id='line_1_31' title="bbox 236 3605 1447 3687; baseline 0.001 -20"><span class='ocrx_word' id='word_1_281' title='bbox 236 3611 278 3683; x_wconf 87' lang='lat' dir='ltr'><strong>si,</strong></span> <span class='ocrx_word' id='word_1_282' title='bbox 310 3611 362 3687; x_wconf 90' lang='lat' dir='ltr'><strong>qui</strong></span> <span class='ocrx_word' id='word_1_283' title='bbox 390 3610 553 3683; x_wconf 83' lang='lat' dir='ltr'><strong>glossarum</strong></span> <span class='ocrx_word' id='word_1_284' title='bbox 581 3607 690 3666; x_wconf 86' lang='lat' dir='ltr'><strong>librum</strong></span> <span class='ocrx_word' id='word_1_285' title='bbox 718 3608 852 3684; x_wconf 84' lang='lat' dir='ltr'><strong>scripsit,</strong></span> <span class='ocrx_word' id='word_1_286' title='bbox 887 3605 1071 3666; x_wconf 80' lang='lat' dir='ltr'><strong>obversatam</strong></span> <span class='ocrx_word' id='word_1_287' title='bbox 1101 3627 1165 3666; x_wconf 87' lang='lat' dir='ltr'><strong>esse</strong></span> <span class='ocrx_word' id='word_1_288' title='bbox 1193 3611 1349 3686; x_wconf 87' lang='lat' dir='ltr'><strong>suspicatur</strong></span> <span class='ocrx_word' id='word_1_289' title='bbox 1446 3607 1447 3686; x_wconf 90' lang='grc'><strong>6</strong></span> 
     </span>
     <span class='ocr_line' id='line_1_32' title="bbox 237 3709 1447 3787; baseline -0.002 -16"><span class='ocrx_word' id='word_1_290' title='bbox 237 3714 370 3772; x_wconf 79' lang='lat' dir='ltr'><strong>hoswius</strong></span> <span class='ocrx_word' id='word_1_291' title='bbox 394 3712 526 3770; x_wconf 77' lang='lat' dir='ltr'><strong>Analect.</strong></span> <span class='ocrx_word' id='word_1_292' title='bbox 550 3710 592 3769; x_wconf 94' lang='lat' dir='ltr'><strong>Pl.</strong></span> <span class='ocrx_word' id='word_1_293' title='bbox 618 3730 646 3787; x_wconf 91' lang='lat' dir='ltr'><strong>p.</strong></span> <span class='ocrx_word' id='word_1_294' title='bbox 671 3712 748 3782; x_wconf 74' lang='lat'><strong>2133</strong></span> <span class='ocrx_word' id='word_1_295' title='bbox 777 3709 854 3769; x_wconf 89' lang='lat' dir='ltr'><strong>hanc</strong></span> <span class='ocrx_word' id='word_1_296' title='bbox 876 3711 1062 3768; x_wconf 88' lang='lat' dir='ltr'><strong>commendat</strong></span> <span class='ocrx_word' id='word_1_297' title='bbox 1084 3709 1183 3787; x_wconf 82' lang='lat' dir='ltr'><strong>Sanga</strong></span> <span class='ocrx_word' id='word_1_298' title='bbox 1205 3731 1304 3773; x_wconf 82' lang='lat' dir='ltr'><strong>servus</strong></span> <span class='ocrx_word' id='word_1_299' title='bbox 1322 3716 1347 3770; x_wconf 91' lang='lat' dir='ltr'><strong>in</strong></span> <span class='ocrx_word' id='word_1_300' title='bbox 1446 3727 1447 3741; x_wconf 64' lang='lat'>¹</span> 
     </span>
     <span class='ocr_line' id='line_1_33' title="bbox 236 3791 1449 3892; baseline 0.002 -19"><span class='ocrx_word' id='word_1_301' title='bbox 236 3815 379 3873; x_wconf 85' lang='lat' dir='ltr'><strong>Eunucho</strong></span> <span class='ocrx_word' id='word_1_302' title='bbox 392 3814 523 3872; x_wconf 87' lang='lat' dir='ltr'><strong>Terentii</strong></span> <span class='ocrx_word' id='word_1_303' title='bbox 542 3819 571 3872; x_wconf 81' lang='lat' dir='ltr'><strong>et</strong></span> <span class='ocrx_word' id='word_1_304' title='bbox 588 3812 732 3890; x_wconf 85' lang='lat' dir='ltr'><strong>Sangario</strong></span> <span class='ocrx_word' id='word_1_305' title='bbox 744 3813 827 3871; x_wconf 87' lang='lat' dir='ltr'><strong>Trin.</strong></span> <span class='ocrx_word' id='word_1_306' title='bbox 844 3815 934 3886; x_wconf 79' lang='grc'><strong>1106,</strong></span> <span class='ocrx_word' id='word_1_307' title='bbox 959 3832 1082 3889; x_wconf 90' lang='lat' dir='ltr'><strong>eamque</strong></span> <span class='ocrx_word' id='word_1_308' title='bbox 1099 3814 1220 3890; x_wconf 77' lang='lat' dir='ltr'><strong>pratuli</strong></span> <span class='ocrx_word' id='word_1_309' title='bbox 1238 3821 1348 3892; x_wconf 86' lang='lat' dir='ltr'><strong>propter</strong></span> <span class='ocrx_word' id='word_1_310' title='bbox 1448 3791 1449 3876; x_wconf 89' lang='grc'><strong>6</strong></span> 
     </span>
     <span class='ocr_line' id='line_1_34' title="bbox 236 3909 1449 3996; baseline -0.002 -20"><span class='ocrx_word' id='word_1_311' title='bbox 236 3937 263 3976; x_wconf 88' lang='lat' dir='ltr'><strong>v.</strong></span> <span class='ocrx_word' id='word_1_312' title='bbox 288 3919 364 3991; x_wconf 84' lang='lat'><strong>644,</strong></span> <span class='ocrx_word' id='word_1_313' title='bbox 394 3938 461 3975; x_wconf 89' lang='lat' dir='ltr'><strong>nam</strong></span> <span class='ocrx_word' id='word_1_314' title='bbox 485 3918 510 3975; x_wconf 89' lang='lat' dir='ltr'><strong>si</strong></span> <span class='ocrx_word' id='word_1_315' title='bbox 536 3911 747 3993; x_wconf 84' lang='lat' dir='ltr'><strong>„Sagarinum“</strong></span> <span class='ocrx_word' id='word_1_316' title='bbox 772 3915 899 3989; x_wconf 86' lang='lat' dir='ltr'><strong>scribas,</strong></span> <span class='ocrx_word' id='word_1_317' title='bbox 933 3918 1041 3974; x_wconf 88' lang='lat' dir='ltr'><strong>senarii</strong></span> <span class='ocrx_word' id='word_1_318' title='bbox 1065 3917 1162 3976; x_wconf 83' lang='lat' dir='ltr'><strong>exitus</strong></span> <span class='ocrx_word' id='word_1_319' title='bbox 1184 3917 1346 3996; x_wconf 86' lang='lat' dir='ltr'><strong>spondeicus</strong></span> <span class='ocrx_word' id='word_1_320' title='bbox 1446 3909 1449 3996; x_wconf 51' lang='lat'><strong>,³</strong></span> 
     </span>
     <span class='ocr_line' id='line_1_35' title="bbox 237 4015 1344 4097; baseline -0.002 -19"><span class='ocrx_word' id='word_1_321' title='bbox 237 4021 304 4096; x_wconf 85' lang='lat' dir='ltr'><strong>erit,</strong></span> <span class='ocrx_word' id='word_1_322' title='bbox 328 4023 352 4078; x_wconf 86' lang='lat' dir='ltr'><strong>si</strong></span> <span class='ocrx_word' id='word_1_323' title='bbox 379 4015 603 4094; x_wconf 80' lang='lat' dir='ltr'><strong>,Sangarium“,</strong></span> <span class='ocrx_word' id='word_1_324' title='bbox 626 4018 724 4095; x_wconf 88' lang='lat' dir='ltr'><strong>prima</strong></span> <span class='ocrx_word' id='word_1_325' title='bbox 752 4019 880 4076; x_wconf 90' lang='lat' dir='ltr'><strong>nominis</strong></span> <span class='ocrx_word' id='word_1_326' title='bbox 907 4019 1022 4094; x_wconf 83' lang='lat' dir='ltr'><strong>syllaba</strong></span> <span class='ocrx_word' id='word_1_327' title='bbox 1049 4021 1197 4096; x_wconf 89' lang='lat' dir='ltr'><strong>positione</strong></span> <span class='ocrx_word' id='word_1_328' title='bbox 1227 4021 1344 4097; x_wconf 82' lang='lat' dir='ltr'><strong>neglecta</strong></span> 
     </span>
     <span class='ocr_line' id='line_1_36' title="bbox 237 4125 406 4201; baseline -0.012 -17"><span class='ocrx_word' id='word_1_329' title='bbox 237 4125 406 4201; x_wconf 89' lang='lat' dir='ltr'><strong>corripitur.</strong></span> 
     </span>
    </p>
   </div>
   <div class='ocr_carea' id='block_1_3' title="bbox 0 0 1464 4998">
    <p class='ocr_par' dir='ltr' id='par_1_4' title="bbox 0 0 1464 4998">
     <span class='ocr_line' id='line_1_37' title="bbox 0 0 1464 4998; baseline 0 2"><span class='ocrx_word' id='word_1_330' title='bbox 0 0 1464 4998; x_wconf 95' lang='lat' dir='ltr'><strong> </strong></span> 
     </span>
    </p>
   </div>
  </div>
 </body>
</html>
