2930 5002
74 501 103 564 V,
121 503 145 566 2,
165 502 266 554 47-57
576 501 696 556 Rudene.

555 688 630 755 Grz·
663 711 707 754 us

74 799 130 863 Per
150 798 308 864 Uenerem
331 799 416 864 hane
438 798 613 863 iurandum
635 711 688 862 ist
711 796 781 862 tibi.

548 950 707 1015 Labrax

736 1058 819 1135 Quid
842 1059 970 1124 iurem?

557 1177 708 1258 Gripus

941 1262 1036 1342 Quod
1059 1263 1191 1328 iubebo.

554 1373 713 1438 Labrem

75 1480 165 1546 Praei
186 1481 298 1548 uerbis
323 1482 472 1565 quiduis3
497 1481 586 1565 quod
605 1481 691 1545 domi
711 1488 770 1558 est,
795 1501 970 1562 numquam
988 1480 1046 1544 ulli
1067 1480 1192 1564 suppli·

838 1587 931 1652 cabo.

558 1697 712 1778 Gripus

75 1803 155 1870 Tene
178 1827 268 1871 aram
291 1806 385 1871 hane.

553 1911 711 1978 Labrax

397 2022 516 2088 Teneo.

555 2129 710 2210 Gripus

544 2237 663 2302 Deiera
687 2249 719 2303 te
743 2238 821 2303 mihi
844 2243 1015 2321 argentum
1039 2235 1188 2301 daturum

77 2344 194 2410 Eodem
218 2337 269 2411 die
294 2352 328 2411 iu
350 2347 454 2411 uiduli
477 2347 534 2412 ubi
558 2349 602 2410 sis
627 2348 760 2429 potitus.

553 2501 711 2566 Labrax

806 2609 892 2674 Fiet.

458 2751 605 2833 Gripus
649 2753 810 2818 Labrax

79 2856 182 2924 L'enus
205 2856 410 2942 Cyrenensis,
434 2866 553 2926 testem
577 2869 609 2925 te
633 2869 739 2926 testor
762 2860 852 2938 mihi,

77 2964 106 3028 Si
128 2966 274 3033 uidulum
297 2966 398 3046 illum,
421 2989 517 3049 quem
542 2991 600 3052 ego
624 2971 657 3032 in
681 2971 758 3034 naui
780 2968 924 3053 perdidi,

77 3071 153 3139 Cum
175 3096 257 3141 auro
282 3082 382 3157 atque
405 3085 541 3159 argento
565 3078 691 3142 saluom
715 3078 962 3156 inuestigauero

77 3180 166 3263 Isque
188 3185 222 3248 in
246 3191 442 3266 potestatem
468 3206 573 3249 meam
597 3187 795 3268 peruenerit,

564 3339 636 3403 Gri
654 3359 713 3402 ›us

77 3442 153 3508 Tum
175 3465 235 3524 ego
259 3447 336 3510 huie
359 3447 470 3530 Gripo,
493 3450 619 3530 inquito
640 3363 676 3511 it
700 3469 750 3512 me
773 3448 914 3528 tangite,

556 3601 712 3667 Labrax

80 3704 153 3770 'ium
179 3728 237 3790 ego
262 3707 339 3771 huie
363 3705 475 3791 Gripo,
500 3709 582 3784 dice,
608 3709 726 3789 Uenm,
751 3717 787 3775 ut
809 3716 845 3773 tu
869 3707 1002 3782 audias,
1137 3722 1202 3774 1330

465 3861 616 3943 Gripus
661 3863 817 3929 Labrax
970 3915 993 3964 ι)

80 3963 246 4034 Talentum
270 3972 398 4050 argenti
423 3990 573 4052 magnum
598 3973 755 4036 continuo
779 3971 874 4036 dabo.
894 3969 906 3998 '¹
978 3975 987 4000 ¹

162 4207 371 4261 13211ub000
449 4211 515 4274 1322
533 4209 602 4261 Prae
622 4210 654 4276 Β,
675 4227 725 4277 pre
746 4189 799 4263 0'
840 4207 869 4260 id
888 4206 962 4274 quod
1038 4205 1156 4273 numqui
1176 4203 1203 4256 B

161 4293 211 4346 uili
290 4295 355 4347 1333
373 4291 447 4347 Tene
467 4294 563 4346 haram
584 4293 618 4361 B,
638 4294 776 4348 tenerae
848 4293 944 4346 deiure
1016 4293 1081 4345 1324
1102 4295 1133 4343 iu
1153 4305 1202 4344 om.

86 4376 144 4428 1325
160 4383 297 4433 testorem
315 4381 344 4430 ie
363 4376 386 4430 O
455 4379 522 4430 1327
542 4377 600 4445 Qui
756 4389 758 4394 “

954 4485 1000 4538 12*
