2928 4996
527 517 559 568 v.
578 519 727 570 ero-rae.
1125 529 1185 589 579

51 709 227 768 Gulielmus
250 731 286 768 ex
302 709 378 769 Rud.
399 712 470 784 569,
493 711 544 770 ubi
566 713 625 770 vid.
650 706 768 772 elutum
788 713 823 770 Α.
868 712 1046 772 Balneorum
1067 715 1186 775 luxuria

49 813 143 889 apud
165 815 314 890 antiquos,
336 793 388 872 ubi
411 815 499 872 etiam
523 832 628 888 magna
646 821 865 889 ungnentorum
885 818 929 874 vis
948 817 1184 890 consumebatur,

49 919 136 975 satis
157 923 229 975 nota
251 921 306 975 est.
333 945 365 954 -
394 918 466 976 499.
501 909 618 991 00555,
649 917 817 999 conficitur,
848 941 875 978 v.
900 920 938 978 ad
961 919 1024 981 Mil.
1048 923 1118 980 937.
1145 952 1183 963 -

49 1021 125 1078 410
154 1022 237 1078 exn
266 1021 398 1078 restitnit
420 1019 566 1092 Studem.‚
596 1019 632 1077 cf.
657 1021 717 1078 619
747 1027 778 1078 et
800 1019 890 1080 Mero.
915 1023 991 1082 462:
1030 1024 1185 1099 „diuersus

50 1118 244 1182 distrahor“.
281 1151 317 1162 -
353 1123 412 1180 411
438 1121 525 1181 affert
546 1121 660 1180 Nonius
683 1142 712 1199 p.
738 1124 814 1198 220,
848 1129 883 1183 at
910 1127 1102 1186 masculinum
1127 1135 1184 1187 'no-

49 1227 148 1284 minis
177 1229 441 1302 genustestetur:
485 1225 641 1300 „Plautum
676 1247 714 1284 an
742 1228 767 1283 si
795 1227 926 1286 formicis
954 1231 1065 1289 obicias
1094 1253 1184 1310 papa-

48 1325 194 1387 uerem“.
245 1329 319 1387 Item
343 1329 456 1388 Charis.
479 1351 508 1406 p.
533 1330 582 1387 64.
611 1359 653 1370 -
680 1330 753 1388 412.
784 1323 900 1389 ibidem
926 1346 992 1392 mm
1014 1328 1118 1407 traho,
1148 1336 1184 1394 cf.

51 1433 135 1490 204.
163 1461 204 1472 -
233 1433 305 1492 414.
340 1424 424 1506 Quid
450 1427 535 1508 quod
561 1446 614 1508 eqo
646 1423 858 1503 defraudati?
891 1435 1002 1493 ironice
1024 1435 1080 1496 boo
1101 1438 1183 1513 dicit,

50 1555 121 1593 non
154 1554 213 1610 quo
247 1535 381 1594 fraudem
409 1554 490 1593 suam
519 1536 664 1608 latentur,
699 1535 750 1594 sed
780 1537 850 1614 quia
883 1537 985 1595 herum
1019 1541 1079 1598 tele
1112 1543 1186 1620 quid

50 1639 207 1714 suspicari
230 1637 448 1698 animadvertit.
495 1639 565 1710 Qum
588 1659 676 1716 quam
692 1639 771 1697 iusta
788 1640 918 1715 suspicio
936 1639 1036 1714 luerit,
1059 1653 1186 1722 apparet

50 1742 138 1798 infra
163 1742 231 1799 729.
262 1769 304 1779 ¹-
332 1741 442 1800 Versus
469 1744 548 1802 iusto
577 1744 708 1818 longior,
739 1761 793 1800 nec
821 1748 921 1801 tamen
949 1749 1077 1806 sermoni
1099 1748 1184 1824 quid-

50 1863 152 1920 quam
175 1843 316 1902 abundat.
361 1845 396 1902 R.
422 1840 578 1919 „srudaui“
604 1847 731 1922 scripsit,
755 1845 805 1903 Br.
828 1865 894 1906 cum
917 1846 1051 1908 Lindum.
1067 1849 1182 1924 „Qum

50 1949 170 2019 omisit,
192 1946 279 2005 Both.
305 1943 409 2023 „ego“,
439 1965 562 2024 quorum
586 1947 661 2006 nihil
683 1949 755 2006 ferri
777 1951 891 2026 potest3
919 1949 1023 2012 melius
1046 1952 1183 2032 Spengel.

51 2071 126 2108 curn
150 2051 320 2108 Hermanno
339 2045 434 2124 „ista“
455 2052 564 2109 omisit.
583 2079 625 2090 -
642 2051 714 2110 415.
737 2045 769 2109 si
784 2065 901 2125 sumat,
925 2055 950 2110 si
972 2074 1008 2113 eo
1031 2058 1076 2114 uti
1099 2058 1182 2116 velis.

56 2183 100 2192 -
126 2154 197 2212 416.
221 2148 310 2226 Nisi,
334 2153 369 2210 cl.
395 2152 431 2210 ad
457 2154 526 2213 234.
552 2183 590 2193 -
615 2154 676 2211 417
700 2175 744 2231 sq.
767 2154 901 2214 Philtoni
923 2162 1004 2215 recte
1025 2161 1134 2218 tribuit
1149 2161 1183 2220 B.

50 2257 84 2314 Ia
111 2257 216 2332 procul
238 2261 321 2315 stans
344 2277 510 2315 sermonem
532 2275 632 2315 eorum
655 2256 755 2330 audit,
784 2277 880 2335 neque
902 2260 949 2318 his
970 2262 1068 2320 verbis
1091 2267 1185 2340 magis

51 2359 241 2436 colloquium
265 2361 493 2437 interrumpitur
515 2379 604 2437 quam
628 2359 761 2420 versibus
783 2361 941 2423 423-25.
964 2392 1007 2451 7-
1035 2362 1126 2442 quod,
1154 2368 1185 2426 id

51 2461 151 2538 quod,
180 2483 219 2521 sc.
243 2469 277 2520 ut
298 2464 445 2522 rationem
467 2467 554 2541 putet
577 2459 627 2534 (cf.
650 2461 688 2520 ad
710 2463 778 2521 nul.
804 2459 888 2541 519).
918 2497 959 2505 -
988 2469 1080 2542 ,post
1100 2489 1183 2547 repe·
1295 2457 1298 2466 ¹

51 2567 135 2622 titur
157 2571 225 2640 post
242 2565 412 2641 postquam
439 2571 472 2624 ut
502 2561 622 2644 „prius“
648 2572 716 2640 post
741 2564 951 2644 „priusquam“
976 2569 1066 2629 Poen.
1092 2569 1185 2631 318“.

53 2667 119 2740 Br.‚
139 2667 217 2724 infra
234 2670 305 2728 975.
323 2670 393 2726 998.
413 2697 453 2709 -
471 2669 543 2728 419.
568 2667 680 2741 tamem,
704 2671 838 2744 quamvis
861 2671 1017 2730 concedam
1040 2693 1099 2737 non
1122 2694 1184 2732 esse
1250 2697 1252 2704 ’

52 2771 226 2828 immortale
250 2777 416 2849 argentum.
439 2801 482 2811 -
504 2773 575 2831 429.
605 2775 722 2843 οἴχεται,
751 2775 857 2851 periit,
886 2774 921 2831 cf.
946 2774 984 2830 ad
1010 2775 1079 2835 188.
1124 2775 1182 2836 Cic:

53 2873 97 2930 ad
120 2873 214 2932 Attic.
238 2874 287 2947 VI,
314 2877 340 2948 1,
372 2877 402 2934 1:
440 2895 518 2950 „non
547 2879 649 2946 οἴχεται
676 2881 727 2933 tua
756 2875 918 2949 industria,
953 2877 1035 2953 quod
1062 2881 1183 2955 vereris,

52 2978 112 3035 aed
136 2977 280 3053 preclare
302 2973 456 3056 ponitur“.
501 2978 564 3037 Hoc
593 2999 681 3038 versu
709 2997 778 3037 usus
808 2985 852 3036 est
875 2977 933 3037 Cic.
957 2981 989 3038 in
1010 2980 1108 3040 Pison.
1133 2984 1182 3055 25,
1298 3045 1301 3050 ,

55 3083 117 3138 61:
159 3082 218 3152 „ita
246 3082 323 3139 enim
351 3087 421 3140 sunt
448 3083 622 3158 perscripto
646 3075 805 3158 (rationes)
828 3084 900 3140 scite
922 3088 953 3140 et
973 3083 1120 3157 litterate,
1151 3089 1185 3143 ut

53 3183 168 3255 scriba,
191 3183 228 3241 ad
251 3185 388 3243 erarium
411 3187 463 3261 qui
485 3205 533 3243 eas
551 3185 676 3256 rettulit,
700 3186 873 3262 perscriptis
897 3185 1062 3245 rationibus
1085 3207 1183 3248 aecum

54 3289 125 3362 ipse
155 3290 243 3364 caput
271 3287 393 3346 sinistra
422 3307 512 3346 manu
534 3288 696 3364 perfricans
719 3296 984 3347 commurmuratus
1007 3291 1060 3348 ait:
1095 3290 1196 3364 Retio¹
1310 3330 1312 3338 ,

53 3382 162 3446 cett.“.
187 3417 225 3428 -
249 3390 321 3449 422.
346 3384 515 3450 admodum
539 3389 683 3465 affirmat,
707 3410 733 3450 v.
759 3390 797 3449 ad
819 3390 924 3451 Bacch.
950 3393 1021 3452 833.
1044 3422 1086 3434 -
1109 3395 1182 3453 423.

55 3487 159 3568 opimo
181 3493 333 3552 Acidaliae
356 3513 424 3565 em.,
448 3493 484 3552 cf.
508 3492 546 3552 ad
569 3494 644 3554 Rud.
664 3495 735 3554 986.
759 3523 801 3534 -
823 3496 895 3555 424.
918 3491 955 3554 im
969 3495 1075 3570 porta,
1099 3501 1201 3577 extra

54 3593 162 3666 {edem}
204 3595 333 3654 Auditur
364 3592 428 3668 „ei“
453 3602 487 3653 ut
510 3599 558 3657 20.
585 3599 656 3656 391.
686 3627 726 3636 -
760 3598 832 3657 425.
861 3593 1059 3656 iuuenilem
1080 3600 1116 3671 Δ,
1150 3603 1184 3656 ut

53 3701 117 3756 iam
150 3695 243 3771 Cam.;
278 3717 313 3756 eo
340 3700 417 3756 enim
448 3697 525 3758 redes
554 3701 617 3758 eius
645 3701 827 3778 migrarunt,
862 3700 897 3758 of.
929 3701 998 3758 755.
1034 3729 1076 3740 -
1109 3703 1181 3760 426.

56 3795 257 3875 Propertius,
281 3801 327 3859 vel
349 3804 536 3879 tarpessitae,
564 3808 598 3861 ut
619 3803 816 3882 probabiliter
839 3801 942 3861 scribit
965 3802 998 3862 R.
1023 3803 1131 3882 Opusc.
1155 3803 1183 3864 II

55 3928 88 3983 p.
117 3906 189 3976 524,
212 3904 247 3963 cf.
270 3903 388 3982 Proleg.
412 3912 515 3964 nostra
537 3925 565 3982 p.
592 3907 667 3978 208,
703 3901 861 3984 Olympico
883 3925 990 3970 nomen
1014 3911 1092 3978 erat;
1127 3927 1181 3966 em.
1231 3917 1235 3928 '

55 4009 144 4066 Pius.
162 4035 202 4045 -
226 4009 296 4066 me.
320 4003 444 4085 inquito
466 4014 497 4066 et
518 4004 651 4083 dependi
662 4009 697 4080 Δ,
720 4009 801 4085 quod
822 4015 903 4068 recte
926 4014 1027 4068 tuetur
1045 4008 1181 4087 Spengel.

57 4109 219 4168 emendato
240 4113 374 4188 proximo
397 4131 500 4183 versu,
528 4110 611 4187 praef.
634 4131 663 4187 p.
687 4110 729 4168 X:
767 4111 848 4184 ,Hoc
875 4111 962 4170 dicit:
999 4131 1058 4170 nou
1087 4112 1182 4172 solum

56 4211 249 4292 spopondisti
275 4213 329 4272 sed
357 4215 447 4272 etiam
475 4213 641 4292 dependere
670 4218 790 4272 coactus
818 4233 863 4287 es,
895 4217 1033 4290 quonism
1056 4220 1183 4293 propter

57 4319 149 4374 istam
182 4317 367 4392 sponsionem
394 4321 485 4375 tuam
504 4318 568 4393 ipae
595 4334 651 4391 pro
678 4315 730 4373 illo
764 4315 952 4376 adulescente
985 4313 1180 4394 exigebaris“.

57 4419 97 4478 cf.
122 4417 182 4474 Cic.
206 4417 288 4476 Fam.
312 4419 334 4492 1,
359 4421 386 4494 9,
413 4420 445 4476 9:
483 4418 732 4496 „dependendum
757 4418 813 4477 tibi
842 4424 887 4476 est
915 4421 994 4495 quod
1024 4419 1095 4478 mihi
1127 4437 1181 4497 pro

895 4557 898 4564 .
928 4533 977 4590 8⁷0
