2890 5004
517 459 549 514 V.
567 462 710 516 266-297.
1107 470 1169 530 433

48 650 118 709 Ath.
149 654 174 724 l,
200 653 252 711 12:
286 653 429 730 ἰσηγορίαν
452 657 573 720 καὶτοῖς
596 657 699 720 δούλοις
722 658 790 732 πρὸς
812 661 970 733 ἐλευθέρως
993 661 1167 734 ἐποιήσαμεν.

48 754 131 812 Dem.
162 754 236 814 Phil.
265 754 322 829 III,
354 759 388 817 3:
431 760 547 824 πολλοὺς
580 759 612 814 dr
646 781 685 823 τις
718 757 819 824 οἰκέτας
847 761 900 817 ἴδοι
928 765 985 837 παῤ
1012 763 1074 838 ὑμῖν
1102 766 1169 838 perd

48 861 173 924 πλείονος
199 861 322 924 ἐξουσίας
350 861 365 917 ὅ
392 884 417 917 τι
443 862 584 935 βούλονται
617 864 742 938 λέγοντος
770 865 783 931 ἢ
813 864 923 927 πολίτας
951 869 977 920 ἐν
1005 868 1087 930 ἐνίαις
1116 867 1169 922 τῶν

48 961 135 1018 ἄλλων
153 963 266 1020 πόλεων.
285 991 324 1003 -
346 965 416 1022 281.
440 959 553 1036 moute,
579 984 605 1023 v.
618 965 752 1024 sdAsin.
766 965 837 1024 914.
872 966 926 1039 Τα,
950 967 1056 1042 inquit,
1079 967 1167 1027 homo

47 1069 107 1122 tum
130 1065 216 1123 nihili
239 1085 283 1138 es,
317 1069 352 1124 ut
373 1066 420 1126 vel
442 1069 468 1126 si
494 1087 527 1127 os
556 1067 613 1126 tibi
642 1071 842 1144 percuterem,
876 1068 949 1127 nihil
979 1069 1167 1129 metuendum

48 1173 135 1226 esset.
161 1197 201 1208 -
225 1169 294 1228 282.
317 1162 491 1230 morticino.
525 1149 658 1247 Sesliger
681 1169 794 1228 confert
817 1169 883 1228 Ter.
909 1169 979 1230 Heu.
999 1173 1076 1231 441:
1103 1193 1167 1246 „ee-

48 1269 195 1329 dauerosu
217 1265 324 1330 ieeie“.·
348 1301 386 1313 -
410 1274 481 1332 283.
511 1265 611 1334 Uideo
634 1286 688 1350 epo
711 1272 748 1346 te,
772 1273 868 1351 qualis
890 1274 940 1333 sie.
986 1268 1056 1336 Iam
1078 1270 1167 1336 incu-
1233 1341 1235 1346 ¹

49 1367 164 1432 intutus
186 1387 234 1446 es,
268 1375 287 1432 i.
313 1395 338 1434 e.
362 1375 421 1434 ism
443 1374 606 1435 incubitum
635 1377 697 1434 eive
725 1381 862 1453 stuprum
891 1395 1012 1455 pessus,
1047 1377 1167 1437 utheri

47 1478 145 1551 gretie
163 1475 312 1536 confidens
328 1497 391 1536 esse
408 1478 513 1556 possis.
526 1507 568 1518 -
586 1473 664 1554 quid
678 1473 716 1537 ici
737 1475 780 1538 ad
802 1479 829 1538 tr
847 1474 995 1557 utrinqu?
1020 1480 1168 1555 Mueller,

49 1581 83 1638 of.
107 1579 198 1638 Mero.
224 1580 273 1639 32.
302 1609 345 1620 -
373 1582 443 1640 284.
477 1581 514 1640 ut
535 1580 569 1640 tu
590 1581 624 1638 A.
658 1577 771 1658 pretiis
796 1581 884 1641 idem.
913 1613 955 1622 —
987 1575 1166 1658 Confideue,

48 1701 86 1738 sc.
107 1702 149 1755 es,
172 1683 207 1741 ei.
226 1682 263 1740 ed
281 1683 389 1761 Amph.
403 1686 473 1744 599.
515 1683 558 1742 De
576 1685 604 1743 vi
622 1683 706 1744 verbi
724 1684 810 1744 eised
825 1687 895 1745 232.
908 1715 951 1726 -
964 1687 1034 1746 285.
1058 1701 1168 1762 speras

50 1785 137 1843 etiam
149 1786 184 1859 A,
208 1785 302 1844 multo
318 1786 426 1846 fortius
445 1804 532 1864 quum
549 1785 630 1864 quod
647 1794 844 1864 reposueruut
861 1788 947 1848 Both.
966 1788 1001 1847 R.
1016 1783 1166 1867 „eperss“.

49 1917 89 1926 —
123 1889 195 1947 286.
234 1882 329 1946 Potiu
350 1888 385 1954 ul
406 1905 458 1962 ne,
484 1912 510 1949 v.
535 1889 572 1947 sd
596 1888 683 1966 Epid.
708 1892 758 1951 66.
789 1920 832 1931 -
868 1884 958 1965 Quod
979 1885 1074 1976 dicre,
1108 1911 1167 1950 non

50 1991 204 2049 molestum
233 2011 307 2050 esse.
337 2021 377 2032 -
411 1994 482 2052 287.
509 1992 626 2066 parata
648 1993 810 2068 praestoet
832 1996 921 2052 etism
943 1994 985 2066 A,
1020 2012 1046 2052 r.
1071 1992 1165 2073 Gepp.

49 2092 131 2152 Stud.
156 2092 185 2151 II
207 2113 235 2171 p.
263 2096 293 2166 1,
321 2095 342 2152 i.
365 2114 390 2152 e.
412 2100 519 2171 persto
540 2095 636 2169 udest,
668 2115 755 2172 quum
778 2095 850 2156 mihi
873 2101 975 2175 optas,
1006 2096 1083 2155 mela
1109 2115 1166 2155 ree.

49 2195 186 2273 Plerique
215 2195 281 2256 edd.
306 2215 342 2254 ex
363 2196 504 2256 Pelmerii
534 2202 565 2256 et
585 2197 727 2274 Scaligeri
758 2199 921 2258 sententie:
960 2217 1064 2278 ,prees
1091 2194 1167 2274 est“,

50 2299 124 2374 quod
149 2318 186 2355 ex
203 2296 281 2357 Fest.
303 2299 384 2375 Epit.
402 2319 431 2378 p.
451 2302 510 2360 223
531 2299 608 2358 idem
632 2307 721 2378 etque
744 2305 918 2378 praesentem
941 2321 1004 2359 sese
1027 2300 1167 2376 efficiunt,

50 2400 127 2476 quod
152 2421 209 2461 nou
233 2403 276 2459 ita
299 2406 351 2462 est.
376 2432 417 2442 -
448 2404 517 2462 288.
554 2396 697 2464 Uadatur
719 2399 770 2463 hie
790 2419 852 2476 me,
882 2405 968 2480 qussi
989 2405 1167 2463 ueeusutoris
1219 2469 1221 2474 ,

49 2523 128 2562 more
157 2509 291 2580 egentem
321 2505 413 2578 ridet3
447 2509 499 2580 „ut
527 2511 683 2566 accusetur
710 2527 792 2566 reum
816 2507 895 2586 apud
916 2507 1042 2564 iudicem
1066 2506 1168 2565 edesse

50 2607 143 2680 iubet,
178 2609 221 2665 ite
250 2607 300 2665 ille
328 2628 373 2666 me
403 2605 553 2668 domum“.
610 2609 667 2668 Sed
698 2611 792 2668 fauete
814 2609 963 2686 Pseguium
997 2608 1167 2688 respondet,

50 2714 152 2786 optsre
175 2729 215 2782 se,
238 2716 273 2768 ut
295 2711 384 2770 vades
407 2713 539 2772 invenire
563 2731 620 2770 non
644 2714 738 2792 possit
759 2717 848 2789 etque
868 2714 897 2770 in
917 2731 1033 2771 esroere
1051 2714 1167 2772 vinetus

51 2814 96 2870 rit.
109 2841 151 2852 —
165 2810 235 2872 289.
263 2805 348 2888 Quid
358 2808 429 2872 est?
448 2815 516 2873 edd.
529 2814 651 2889 Poegnio
663 2815 809 2888 tribuunt,
830 2814 881 2876 vix
893 2819 980 2888 recte,
1001 2834 1028 2873 v.
1045 2816 1113 2874 145.
1128 2844 1166 2855 -

53 2910 197 2988 Tandem,
220 2937 248 2976 v.
265 2915 396 2976 sdAsin.
412 2918 480 2976 175.
527 2917 589 2976 Ηοο
611 2917 725 2992 saltem,
749 2919 855 2995 inquit,
880 2937 964 2976 nemo
986 2917 1165 2995 prohibebit,

52 3039 86 3076 ue
107 3039 211 3078 servus
233 3038 318 3077 servo
342 3019 508 3078 maledicet.
559 3015 596 3079 id
616 3021 721 3099 scripsi
743 3039 800 3099 pro
825 3015 907 3095 „ut“,
941 3020 1020 3097 quod
1044 3039 1102 3078 non
1126 3021 1167 3078 in-

51 3121 167 3198 telligo;
190 3121 225 3180 of.
238 3121 304 3180 Mil.
319 3123 394 3194 354;
418 3123 448 3180 in
467 3122 492 3180 Δ
511 3121 605 3201 Gepp.
627 3119 708 3196 „uti“
729 3125 810 3200 legit.
828 3153 870 3162 —
893 3125 953 3182 290
977 3143 1020 3202 sq.
1045 3115 1167 3198 Specta,

52 3219 126 3299 quid
148 3218 269 3296 dede-o,
292 3223 329 3282 of.
347 3223 425 3282 Meu.
445 3225 520 3284 461:
548 3226 690 3296 „observo
713 3226 786 3303 quid
808 3221 915 3285 debo“.
960 3225 1032 3284 Meli
1055 3224 1169 3301 aliquid

53 3327 186 3385 minetur.
231 3325 399 3401 Paegnium,
430 3328 514 3404 quusi
537 3327 647 3386 donum
675 3329 874 3404 promisisset,
909 3328 1069 3408 respondet
1101 3347 1167 3386 eum

53 3427 123 3486 nihil
150 3427 304 3501 daturum,
339 3447 406 3486 num
434 3429 507 3488 nihil
535 3429 652 3491 hebere.
675 3459 717 3471 —
747 3432 817 3490 291.
840 3445 889 3490 me
910 3431 945 3491 A.
971 3461 1008 3472 -
1040 3432 1099 3491 293
1123 3449 1166 3508 sq.

53 3529 172 3590 Rectum
195 3550 334 3590 versuum
356 3531 489 3590 ordinem
512 3534 643 3590 servavit
659 3533 694 3607 A,
718 3539 752 3594 ut
769 3535 901 3593 ostendit
918 3533 1055 3612 Spengel.
1069 3533 1165 3592 Plaut.

54 3653 80 3708 p.
102 3635 142 3694 42
166 3655 209 3711 sq.
239 3633 369 3693 Studem.
395 3633 499 3693 Annei.
530 3633 605 3712 phil.
627 3634 723 3694 XCIII
751 3658 780 3716 p.
806 3639 854 3696 53.
912 3635 1094 3695 Sententiam
1124 3637 1167 3694 in·

55 3741 175 3812 ceptum,
199 3730 247 3795 Dr·
267 3753 316 3796 me
331 3733 477 3812 perdant,
501 3737 692 3816 interrumpit
714 3738 864 3814 nguium
887 3757 919 3799 se
941 3737 971 3796 id
994 3739 1090 3816 ipsum
1115 3758 1167 3816 op·

56 3841 114 3897 tere
136 3839 249 3912 dicens,
280 3840 476 3915 interruptum
498 3843 687 3918 persequitur
709 3841 888 3917 Sagaristio:
922 3835 1025 3916 Atque
1047 3835 1083 3899 id
1103 3837 1168 3916 sset,

56 3935 115 3999 uisi
133 3942 161 4000 te
177 3935 323 4018 (lefipauu
347 3941 383 4001 ef.
396 3942 503 4000 Pseud.
523 3945 573 4001 37.
592 3945 662 4002 948.
683 3944 721 4002 al.
738 3973 780 3984 -
798 3945 868 4003 294.
894 3938 964 4006 Tun
983 3950 1012 4002 et
1029 3935 1170 4018 adlipeut

55 4041 227 4120 propediem
250 4046 284 4104 Δ.
311 4075 348 4086 -
374 4047 444 4104 295.
472 4039 533 4120 Qui
555 4045 589 4119 A,
614 4065 641 4104 v.
666 4045 703 4103 ed
723 4046 801 4104 Men.
819 4046 891 4104 440.
911 4073 953 4086 -
976 4047 1046 4105 296.
1073 4040 1170 4106 Potiu

60 4137 158 4220 ubea83
181 4145 218 4205 de
231 4143 302 4221 „ut“
316 4148 422 4207 omisso
441 4147 476 4206 of.
490 4147 526 4206 ad
539 4147 647 4224 Amph.
664 4151 710 4208 12.
736 4149 824 4207 Poeu.
841 4149 930 4207 1250.
951 4177 993 4188 -
1012 4149 1082 4208 297.
1103 4143 1169 4207 ium

59 4267 91 4306 ex
111 4250 208 4328 spatio
224 4250 409 4327 palimpsesti
427 4249 461 4309 R.
506 4250 657 4324 Paeguium
680 4249 783 4308 herum
805 4251 980 4329 suspicetur,
1004 4251 1083 4327 quod
1106 4255 1168 4309 tem

60 4347 105 4408 diu
126 4351 247 4420 afuerit,
276 4354 334 4411 ism
358 4353 455 4412 animo
477 4372 508 4411 se
530 4351 698 4412 verberare.
728 4383 769 4392 -
803 4346 846 4414 Ut
866 4374 893 4414 v.
919 4353 956 4412 ed
979 4351 1070 4412 Mero.
1096 4341 1166 4412 702.Ι

128 4463 155 4506 V·
932 4467 965 4520 28
