2920 4998
246 475 308 537 524
747 470 867 527 Stichus.

330 669 379 726 71.
413 665 601 744 colloquium
636 685 771 724 sororum
804 686 831 725 v.
866 669 905 726 50
936 669 1133 747 interruptum
1169 674 1373 732 continuatur.

244 761 427 844 offirmabit,
461 770 499 828 cf.
525 767 562 826 ud
585 769 666 827 Pers.
691 770 762 829 223.
793 799 834 809 -
864 773 913 831 74.
943 773 1038 848 patre
1065 775 1172 834 ultime
1198 777 1311 853 ionga,
1346 797 1374 834 ι’.

243 872 357 949 Proleg.
381 894 411 950 p.
439 874 506 932 195.
530 866 749 946 impetrassem,
773 893 827 931 nos
850 876 1071 951 impetraturos.
1095 908 1136 916 —
1166 880 1216 938 75.
1241 873 1372 938 Aduer-

136 1019 138 1024 .
242 971 399 1036 carisius
417 971 563 1034 dedecore
581 975 615 1034 A.
636 1005 675 1015 -
695 975 743 1034 76.
768 989 822 1052 epo
842 972 877 1034 id
894 991 966 1036 som
982 975 1110 1055 factura
1128 980 1178 1054 R.;
1201 981 1370 1058 Niemeyer.

242 1078 279 1138 de
296 1078 392 1137 Plaut.
411 1078 470 1136 feb.
490 1097 548 1138 reo.
568 1077 649 1156 dupl.
663 1099 692 1154 p.
710 1079 761 1136 17:
790 1079 945 1156 „equidem
969 1100 1022 1157 ego
1045 1082 1074 1139 id
1098 1081 1233 1141 feotnrs“
1259 1087 1370 1143 omisso

243 1177 356 1256 „sum“.
388 1208 425 1220 -
456 1182 505 1242 77.
543 1179 697 1255 „nostros
731 1183 828 1239 nostri
856 1185 973 1258 generis
1001 1183 1151 1242 homines“
1183 1184 1309 1259 Lemb.,
1339 1193 1371 1244 nt

241 1286 318 1343 infre
350 1285 409 1343 329
442 1279 562 1357 ,tuos“;
596 1285 632 1343 of.
664 1283 700 1342 sd
729 1285 835 1362 Amph.
867 1287 937 1344 395.
973 1315 1012 1326 -
1047 1279 1232 1346 morabilist
1260 1289 1303 1362 A,
1339 1297 1370 1347 nt

241 1387 368 1447 videtur.
394 1417 434 1428 —
458 1389 507 1445 79.
534 1380 734 1462 ,Perpleoes'm
756 1406 810 1464 pro
832 1384 991 1465 perplexe“
1011 1388 1124 1448 Nonius
1140 1409 1170 1466 p.
1190 1394 1253 1450 515
1277 1392 1368 1450 allato

240 1495 271 1549 et
293 1491 322 1549 h.
346 1491 364 1548 1.
389 1494 419 1548 et
442 1491 535 1548 altero
560 1490 701 1548 Heminae.
747 1490 821 1548 Item
842 1491 955 1550 (iberis.
973 1513 1003 1569 p.
1019 1494 1088 1550 190.
1124 1492 1186 1550 Hoc
1209 1493 1369 1554 Terentius

241 1593 317 1652 Eun.
332 1595 393 1652 817
404 1617 409 1650 :
438 1593 573 1669 ,Pergin
586 1594 719 1666 scelests,
731 1614 843 1652 meeum
856 1594 997 1672 perplexo
1009 1591 1149 1672 loqui?“;
1175 1595 1210 1654 oi.
1225 1597 1306 1656 infru
1318 1600 1367 1656 88.

239 1696 308 1755 Aul.
329 1698 386 1754 251
412 1716 476 1754 οιιιιι
500 1717 566 1754 anu.
612 1697 744 1774 Antipho
767 1704 866 1757 sutem
889 1718 946 1755 non
968 1696 998 1755 id
1023 1697 1149 1770 dubitet,
1173 1705 1274 1758 utrum
1298 1721 1367 1779 per·

238 1800 338 1878 plexo,
373 1801 391 1858 i.
416 1820 441 1858 e.
466 1801 613 1858 occultate
640 1819 712 1859 vere
739 1803 902 1872 sententis,
937 1821 974 1857 un
1003 1800 1178 1876 simpliciter
1205 1823 1274 1861 cnm
1298 1803 1367 1863 filiis

238 1905 299 1961 suis
328 1909 410 1979 oget;
446 1908 511 1961 sstu
540 1923 600 1959 rem
629 1902 750 1979 aggredi
779 1905 951 1976 constituit;
986 1902 1037 1961 sed
1070 1922 1130 1979 qus
1162 1905 1280 1965 notione
1317 1927 1365 1964 ees

239 2001 372 2066 lacessat
393 2008 454 2063 sive
472 2005 604 2080 temptet,
628 2007 749 2082 quaerit:
775 2011 873 2063 utrum
893 2006 1002 2063 leniter
1020 2026 1056 2062 sn
1076 2006 1241 2080 minaciter,
1266 2013 1364 2067 utrum

237 2110 291 2182 its,
316 2113 401 2184 quasi
424 2108 496 2166 nihil
519 2110 640 2167 omnino
662 2109 699 2166 iis
723 2108 857 2182 obiiciat,
881 2128 919 2166 sn
940 2111 1025 2184 qussi
1048 2128 1098 2166 ees
1120 2108 1224 2184 probri
1248 2110 1364 2188 uliqnid

237 2213 417 2271 commisisse
453 2213 614 2285 audiverit,
647 2221 681 2270 ut
714 2211 879 2270 honestetis
907 2231 994 2270 osuss
1029 2230 1076 2268 ess
1109 2211 1181 2269 viris
1214 2213 1364 2272 collocare

237 2319 355 2373 coactus
383 2317 430 2373 sit.
475 2309 511 2372 in
540 2329 592 2374 eas
614 2308 774 2386 simulem,
808 2315 828 2372 i.
853 2333 877 2372 e.
902 2333 950 2371 ees
973 2313 1156 2390 insimulem,
1191 2321 1225 2372 ut
1253 2315 1362 2392 legitur

236 2416 342 2493 Amph.
368 2419 437 2478 813.
464 2419 524 2477 852
549 2418 587 2476 sl.
638 2417 700 2475 Hoc
728 2437 785 2475 uno
810 2417 873 2475 loeo
894 2419 1069 2494 praepositio
1093 2438 1110 2474 s
1132 2418 1224 2475 verbo
1248 2425 1362 2478 secrete

236 2525 296 2591 eet,
325 2517 376 2575 sed
404 2539 440 2577 ne
468 2521 503 2578 do
532 2521 586 2578 huo
608 2519 725 2578 dicendi
750 2523 865 2578 ratione
887 2521 975 2578 nimis
998 2519 1184 2592 dubitemne,
1219 2522 1358 2581 substen-

236 2624 329 2681 tivum
353 2623 490 2682 simultas
513 2622 599 2696 fucit,
635 2622 716 2700 quod
744 2623 917 2702 simpliciter
947 2623 1058 2680 inimici
1090 2623 1178 2680 enimi
1208 2626 1359 2684 notionem

236 2723 333 2784 hebet.
389 2725 474 2797 Quod
503 2725 537 2784 R.
567 2728 649 2784 exA
681 2722 821 2802 sumpsit,
860 2723 1080 2798 „adsimulem“,
1115 2744 1172 2783 non
1206 2727 1357 2802 iutelligo;

235 2847 301 2886 nam
325 2829 349 2886 si
372 2829 437 2906 quis
460 2827 532 2887 Cod.
557 2827 670 2887 Theod.
693 2827 745 2899 IX,
771 2831 804 2900 2,
829 2829 846 2886 3
872 2827 989 2900 offeret,
1020 2828 1051 2885 in
1074 2827 1176 2885 eadem
1200 2828 1266 2904 lege
1288 2829 1357 2888 cod.

234 2930 308 2989 lust.
327 2931 378 3003 IX,
399 2933 427 3004 3,
448 2933 465 2990 2
491 2927 713 3005 „insimulsnti“
741 2937 820 2988 reote
843 2931 961 3006 legitur.
982 2958 1021 2968 -
1045 2924 1131 3005 quid,
1155 2930 1191 2988 of.
1211 2931 1290 2992 Men.
1306 2935 1356 2992 16:

238 3031 402 3106 „tantum“.
430 3064 471 3074 -
504 3027 742 3093 indaudiuerim
769 3033 891 3092 pareus.
927 3061 968 3072 --
1002 3035 1051 3091 81.
1087 3028 1122 3090 in
1148 3046 1181 3090 se
1208 3030 1358 3094 meruisse

234 3132 369 3210 cuipiam,
405 3138 440 3195 cf.
465 3137 556 3195 Mero.
582 3138 658 3194 804:
702 3155 797 3212 ,quse
824 3137 855 3192 in
883 3155 914 3193 se
942 3136 1058 3212 eulpam
1087 3133 1289 3196 conmerent“.
1318 3167 1357 3177 -

237 3235 310 3313 ,un“
345 3239 401 3295 del.
426 3238 476 3312 R.;
511 3240 638 3297 retinuit
666 3238 822 3310 Goetzius,
857 3237 908 3296 sed
941 3242 976 3296 ut
1009 3239 1175 3314 proximum
1209 3236 1292 3312 „An“
1326 3241 1356 3298 in

235 3337 365 3416 „Quam“
392 3347 529 3414 mutaret,
553 3343 756 3401 edocentem
779 3335 848 3415 ,so“
873 3359 928 3417 pro
954 3335 1029 3414 ,,ιιιι’ιι
1054 3341 1206 3415 scriberet,
1231 3349 1266 3400 ut
1287 3343 1357 3400 mihi

232 3446 350 3522 quidem
370 3445 496 3518 videtur,
514 3464 571 3502 non
589 3446 653 3502 eine
669 3461 774 3520 magno
787 3443 940 3501 sententis
952 3441 1142 3503 detrimento.
1189 3443 1355 3520 Langenins

232 3548 372 3622 Beitrsge
395 3566 423 3623 p.
447 3548 588 3605 147—51
614 3547 702 3605 nimis
725 3545 817 3603 multa
840 3549 975 3604 mutavit.
1001 3574 1037 3585 -
1071 3547 1120 3605 82.
1143 3541 1215 3606 litis
1237 3551 1354 3624 gratim

232 3651 289 3709 dici
319 3671 406 3728 quom
435 3651 581 3726 iurgium,
615 3670 650 3707 ex
678 3647 818 3707 Cicerone
848 3645 935 3726 (Rep.
959 3647 1007 3720 IV,
1038 3642 1070 3725 8)
1104 3651 1214 3724 probet
1243 3650 1353 3710 Nonius

232 3775 261 3832 p.
287 3755 358 3812 430.
382 3783 424 3793 -
448 3754 497 3811 83.
532 3745 580 3812 Si.
616 3753 694 3809 Ante
724 3750 752 3810 h.
776 3773 803 3810 v.
828 3750 897 3809 eddi
918 3753 1018 3828 potuit
1043 3749 1131 3824 ,sed“
1158 3757 1211 3811 sut
1235 3773 1352 3830 „qnem-

232 3853 351 3932 quom“,
375 3878 401 3914 ι.
426 3855 463 3914 sd
486 3855 592 3933 Amph.
619 3856 689 3913 350,
712 3881 754 3894 ·-
777 3855 827 3912 84.
855 3847 991 3913 Faciant
1012 3873 1066 3912 em.
1090 3852 1253 3929 Aeidelius,
1277 3855 1353 3932 quod

231 3978 322 4035 quum
357 3977 425 4015 casu
459 3961 489 4017 in
526 3953 668 4033 „iuoism“
705 3962 876 4033 corruptum
910 3964 1001 4030 esset,
1034 3957 1184 4033 posterior
1217 3957 1352 4018 librarius

233 4056 336 4133 ,Non“
363 4060 485 4118 eddidit.
511 4091 552 4100 -
575 4075 643 4119 eum
665 4055 745 4118 meis
764 4059 882 4118 Lomen.
906 4089 940 4098 -
963 4061 1012 4119 85.
1037 4055 1071 4118 o'd
1088 4061 1123 4118 A.
1146 4089 1184 4099 -
1210 4056 1349 4120 arbitror.

229 4161 348 4221 Lumo:
385 4159 569 4236 „arbitrer“;
604 4164 656 4222 sed
685 4161 864 4221 indicativus
888 4182 905 4220 s
928 4161 1033 4223 Plauto
1056 4182 1116 4220 nou
1139 4162 1296 4236 obhorret,
1324 4183 1349 4222 v.

231 4267 281 4340 39,
308 4267 377 4325 127.
413 4265 489 4324 Rud.
516 4269 586 4324 380.
626 4267 715 4325 Most.
740 4265 800 4324 842
824 4285 889 4324 eum
913 4284 978 4322 sun.
1010 4293 1049 4304 -
1079 4266 1118 4323 87
1143 4268 1276 4343 spurium
1297 4287 1349 4346 pn·

229 4369 313 4426 tebet
336 4367 381 4424 11.
426 4382 521 4443 quom
544 4367 578 4425 R.
612 4397 650 4405 —
686 4371 735 4427 88.
773 4360 1048 4443 Perplexobdder,
1086 4368 1122 4426 cf.
1148 4370 1197 4427 79.
1229 4399 1269 4409 —
1302 4371 1348 4428 89.
