2928 4996
542 421 574 475 v.
594 423 738 478 era-ses.
1150 432 1209 493 641

81 615 164 681 Mea
183 664 189 679 .
205 665 211 679 .
230 613 323 680 attuli
343 611 541 693 ..pallulam
571 617 617 677 ed.
640 639 686 696 pr.
743 633 781 678 ee
805 610 958 696 Harpyia,
994 618 1139 696 Gronoa,
1173 622 1210 680 cf.

78 721 239 800 Aristopb.
262 723 317 780 Ar.
338 721 412 780 493:
435 723 534 792 χλαῖνα
558 724 684 798 Φρυγίων
706 725 793 797 ipius.
817 749 858 760 -
883 722 953 788 532.
980 715 1140 782 lanlillum
1163 725 1209 784 ed.

77 846 130 903 pr.
151 855 194 864 -
212 823 282 884 533.
305 818 419 882 misero
442 816 523 882 milli
544 823 649 900 scripsi
672 834 774 882 versus
797 822 956 899 supplendi
979 843 1082 898 causa3
1105 825 1210 885 Both:

85 945 163 1004 „ego
193 929 294 998 miser;
328 928 386 984 iam
408 921 511 984 mihi“.
562 923 671 1002 Speng.
698 919 916 1000 „aurichaloo“,
940 925 1024 1004 prob.
1049 925 1211 992 Bolonde

79 1029 170 1088 hiatu
197 1049 226 1107 p.
254 1029 300 1088 18.
325 1041 466 1091 -auro
489 1027 613 1100 contra,
644 1027 681 1086 of.
706 1027 743 1087 od
766 1026 851 1088 Garc.
877 1029 947 1088 201.
970 1059 1013 1070 -
1043 1030 1113 1090 534.
1142 1043 1209 1090 mea

78 1129 198 1189 addidi.
254 1123 350 1190 aihta·
373 1130 466 1189 Valla.
530 1145 569 1190 ex
596 1113 697 1192 Sarra
722 1131 862 1208 Scaliger.
918 1129 1046 1190 Sarrana
1074 1152 1208 1210 purpura

81 1233 176 1306 vulgo
205 1231 329 1306 nobilis,
364 1252 391 1292 v.
417 1232 502 1310 Verg.
528 1231 636 1310 Georg.
661 1232 703 1306 ΙΙ,
734 1234 810 1306 506,
839 1234 877 1292 ad
907 1252 993 1310 quem
1017 1235 1113 1316 locum
1137 1235 1208 1293 Pro·
1284 1219 1286 1224 ¹

81 1335 156 1394 bus:
194 1334 310 1410 „Tyron
339 1334 459 1395 Sarrum
489 1336 668 1413 appellatam
689 1335 836 1394 Homerus
865 1336 967 1410 docet,
1002 1356 1090 1414 quem
1120 1339 1210 1396 etiarn

82 1436 200 1496 Ennius
240 1439 377 1514 sequitur
416 1425 583 1511 auctorem,
626 1458 690 1497 cum
731 1437 804 1496 dicit
837 1437 953 1498 Poenos
983 1439 1071 1499 Sarra
1112 1441 1212 1499 oriun-

83 1535 171 1598 dos“.
207 1539 242 1598 cf.
265 1539 343 1599 Gall.
367 1539 449 1614 XIV,
480 1544 513 1612 6,
543 1542 571 1598 4.
630 1540 793 1599 Buecheler
824 1537 1024 1619 „purpuram“
1058 1540 1096 1600 ad
1130 1548 1212 1601 ante·

84 1639 223 1700 cedentia
258 1643 394 1715 trahens,
428 1643 540 1702 voluit:
578 1663 696 1716 „eccum
729 1663 766 1702 ex
793 1644 905 1703 Arabia
933 1643 991 1702 tibi
1021 1643 1123 1702 Adtnli
1153 1651 1211 1716 tus,
1249 1721 1251 1726 Α

85 1743 184 1803 Ponto
212 1741 395 1817 amomum“;
430 1746 510 1821 quod
538 1749 589 1822 qui
618 1745 783 1805 defendunt
810 1746 902 1804 allata
930 1747 1105 1824 sycophanti
1128 1746 1211 1804 Trin.

85 1847 148 1905 933
177 1867 221 1923 sq.
245 1846 364 1906 Arabiae
394 1853 424 1905 et
452 1847 540 1907 Ponti
568 1848 752 1931 coufusipne,
788 1849 861 1907 nihil
890 1853 995 1925 agunt3
1029 1868 1082 1907 neo
1117 1849 1211 1923 magis

85 1949 144 2007 huo
177 1951 306 2024 pertinet
335 1951 416 2027 quod
444 1951 559 2010 Plinius
588 1949 660 2024 XII,
690 1953 729 2010 49
760 1971 906 2010 amomum
936 1951 1016 2010 nasci
1045 1951 1088 2008 ait
1112 1954 1161 2025 „et
1183 1953 1213 2010 in

86 2050 236 2110 Armenia
258 2057 357 2129 parte,
386 2073 450 2130 quse
473 2059 597 2113 vocatur
620 2052 729 2129 Otene,
752 2059 782 2112 at
804 2056 835 2111 in
857 2052 959 2112 Media
981 2054 1064 2136 etin
1086 2049 1214 2125 Ponto“‚

81 2173 154 2232 qum
178 2156 266 2213 etiam
290 2157 314 2214 si
337 2157 489 2215 vera'aint
517 2176 571 2215 neo
595 2157 633 2214 ad
656 2156 737 2217 aliud
761 2156 892 2216 eiusdem
915 2155 1030 2214 arboris
1054 2173 1147 2230 genus
1170 2175 1215 2212 re·

85 2259 230 2330 ferantur,
254 2257 329 2316 illud
351 2264 449 2316 tamen
472 2264 599 2331 constat,
623 2265 673 2318 tua
696 2265 726 2317 et
749 2278 903 2333 amomum,
927 2278 986 2336 quo
1010 2258 1047 2317 ad
1070 2257 1214 2328 sacrificia

83 2365 117 2418 et
140 2359 178 2418 ad
201 2361 269 2418 visa
296 2361 397 2419 luxum
426 2360 587 2420 utebantur
609 2369 792 2438 preparato,
823 2382 883 2421 non
914 2382 950 2421 ex
973 2360 1067 2420 Ponto
1090 2361 1213 2420 Romam

85 2463 211 2536 venisse,
242 2462 294 2520 sed
323 2481 358 2519 ex
380 2463 491 2521 Arabia
513 2483 567 2541 per
589 2463 753 2541 AEgyptum
778 2469 830 2522 aut
851 2463 1051 2523 Phoeniciam.
1109 2464 1213 2522 Verius
1245 2490 1248 2500 =

87 2562 166 2622 vidit
192 2563 318 2624 Bothius
354 2553 446 2638 „duas
476 2566 571 2624 Ponto
600 2563 743 2627 amictua“
774 2567 919 2639 scribone,
953 2587 1008 2626 nos
1041 2569 1167 2644 propius
1197 2586 1215 2624 a

83 2664 190 2724 codd:
221 2662 300 2726 dacos
324 2660 427 2727 Ponto
450 2663 605 2742 ctlueoce,
629 2669 665 2728 cf.
689 2670 727 2729 ad
751 2670 823 2728 531,
852 2697 894 2709 -
924 2670 993 2728 536.
1022 2663 1215 2744 Astaphium

89 2768 159 2829 add.
182 2768 247 2829 Sch.
294 2764 406 2832 hine'e
426 2769 512 2830 Grut,
550 2801 587 2810 -
624 2773 695 2831 537.
729 2765 859 2849 Ecquid
880 2785 970 2831 amne
991 2770 1142 2830 mecam.
1173 2799 1215 2812 -

86 2873 151 2931 538
175 2891 229 2931 em.
254 2871 334 2931 Cam.
358 2877 389 2930 et
411 2873 581 2933 Buecheler.
634 2872 702 2951 Sp:
735 2874 799 2948 „Na
821 2856 934 2934 oenum
950 2872 1073 2934 verbum
1095 2873 1213 2951 quidem

89 2971 279 3050 benignum“.
303 3003 345 3014 -
370 2976 439 3036 541.
468 2991 545 3036 num
567 2975 601 3035 tu
623 2991 672 3035 me
693 2973 786 3036 neuls
808 2978 922 3055 scripsi.
972 2994 1066 3049 „nune
1088 2979 1122 3033 tu
1144 2993 1215 3034 nuru

89 3078 137 3152 uis¹
161 3073 224 3136 me“
249 3076 327 3156 Sp.;⁴
347 3097 434 3150 „num
456 3084 490 3138 tu
518 3097 578 3137 non
605 3075 706 3138 neuia“
733 3078 815 3152 Sch,
848 3078 927 3158 apud
950 3088 1036 3156 quem
1059 3097 1086 3135 v.
1112 3076 1150 3136 al.
1173 3106 1215 3116 —-

92 3181 162 3240 542.
185 3193 302 3240 uenero
323 3179 434 3258 Bugg.;
464 3181 545 3241 Cam.
572 3182 630 3256 „ad
652 3187 683 3240 te
705 3181 763 3241 huc
786 3182 916 3241 cubitum
938 3175 1054 3240 inero“.
1077 3209 1120 3222 ·-
1144 3181 1214 3240 543.

91 3277 168 3341 coni
188 3281 237 3360 Sp.
264 3311 301 3324 -
329 3283 399 3341 544.
422 3278 451 3342 ie
473 3282 541 3342 add.
566 3283 655 3344 Both.
701 3279 915 3345 61466111-
937 3296 1103 3358 pompam,
1126 3302 1153 3341 v.
1179 3282 1216 3340 ad

92 3384 196 3443 Bacch.
212 3386 281 3444 112.
323 3383 444 3444 Servum
465 3385 618 3446 Diniarchi
640 3387 721 3446 videt
744 3407 809 3446 cum
832 3388 957 3465 opsonio
976 3384 1103 3462 aliisque
1121 3382 1215 3455 donis,

91 3505 157 3564 qum
180 3487 217 3546 ab
241 3488 306 3558 aliis
329 3475 388 3549 non
410 3490 514 3566 paucis
537 3491 632 3548 servis
652 3495 845 3568 portarentur
862 3508 981 3548 necesse
1000 3492 1073 3560 erat,
1099 3505 1126 3546 v·
1146 3488 1215 3546 546.

179 3590 248 3649 546.
282 3589 401 3651 Titulus
428 3593 497 3651 huic
525 3613 619 3652 scenae
641 3593 860 3670 suprascriptus
883 3594 913 3657 in
937 3589 1022 3649 codd.
1046 3589 1130 3648 varie
1154 3607 1216 3647 cor·

94 3697 199 3769 ruptus
228 3697 282 3751 est.
338 3694 470 3754 Primum
492 3693 646 3754 Diniarchi
674 3714 792 3754 servum
821 3693 988 3753 rubricator
1022 3683 1135 3751 Gelam
1163 3711 1216 3768 ap·

95 3794 226 3870 pellavii,
249 3797 329 3873 quod
351 3818 459 3857 nomen
481 3820 508 3857 v.
529 3798 587 3856 571
613 3796 670 3857 eibi
692 3797 793 3871 legere
815 3794 982 3856 videbatur.
1030 3795 1093 3853 Hoc
1111 3792 1217 3852 falsum

93 3915 156 3956 ease
190 3901 366 3974 monstrarit
400 3899 539 3978 Spengel.
568 3900 651 3977 pref.
674 3921 704 3979 p.
728 3897 769 3958 lv
790 3919 850 3976 sq.;
884 3916 986 3956 verum
1022 3915 1128 3954 nomen
1162 3895 1219 3954 fuit

97 3993 246 4078 Cyamue,
277 4023 305 4060 r.
331 4004 401 4062 692.
427 4005 497 4062 577.
523 4003 599 4076 580,
629 4003 801 4077 frustraque
823 4001 868 4059 illi
890 3985 1099 4077 patrocinatur
1121 3996 1216 4076 Gepp.

95 4101 178 4162 Stud.
197 4105 256 4180 lp.
277 4107 334 4164 105
354 4125 418 4182 sqq.
469 4104 544 4163 Tum
567 4125 603 4164 ex
626 4104 841 4183 depravatione
866 4102 1031 4181 archetypi,
1056 4119 1122 4178 quse
1145 4103 1175 4159 in
1195 4101 1217 4158 B

95 4212 233 4282 apparet,
268 4208 344 4286 male
372 4206 394 4266 (l
426 4203 640 4285 „Astaphium“
672 4205 777 4266 effecit.
831 4205 876 4264 Ea
904 4205 979 4264 abiit
1007 4224 1035 4263 v.
1061 4204 1137 4277 536;
1172 4202 1220 4262 hic

95 4309 198 4368 militis
227 4329 336 4369 nomen
364 4309 533 4388 ponendum
561 4309 626 4368 fuit.
662 4337 704 4349 -
738 4307 890 4368 Canticum
920 4309 1027 4386 incipit
1056 4327 1072 4364 a
1097 4305 1219 4365 duobus

172 4421 198 4464 v.
982 4421 1013 4474 41
