2898 4996
65 488 112 554 lV,
132 491 156 554 2,
175 491 276 543 21-33
567 490 684 590 Stichus.

510 679 737 746 Gelasimus

674 789 784 855 Facile
807 792 957 856 excusari
978 794 1098 875 potest.

60 893 141 960 Mihi
166 895 261 962 mcdo
284 898 450 963 ausculta:
472 898 548 964 iube
571 919 684 964 cenam
708 895 795 963 domi
818 900 925 981 coqui.

497 1018 573 1098 Epi
578 1038 741 1100 peomne

877 1103 951 1170 Non
974 1125 1025 1170 me
1049 1105 1182 1189 quidem

58 1208 173 1276 Faciet
194 1217 338 1290 auctore,
362 1211 460 1277 hodie
484 1211 636 1278 utillum
660 1213 811 1297 decipiat.

506 1331 732 1397 Gelasimus

762 1441 834 1508 Non
858 1449 893 1508 tu
916 1441 993 1506 hinc
1015 1439 1181 1512 abiciunt

57 1546 129 1612 Nisi
154 1569 205 1612 me
227 1569 292 1613 non
316 1549 501 1632 perspicere
524 1571 637 1616 censes
656 1551 735 1634 quid
753 1572 841 1634 agas.
878 1548 966 1617 Cane
984 1550 1030 1616 sia
1048 1556 1085 1614 tu
1103 1549 1182 1632 tibi3

57 1656 140 1720 Nam
160 1655 228 1721 illic
244 1655 340 1722 homo
353 1666 443 1722 tuam
454 1657 671 1724 hereditatem
685 1659 790 1724 inhiat
807 1660 901 1743 quasi
914 1659 1060 1724 caudens
1072 1658 1178 1744 lupus.

58 1765 128 1829 Non
154 1772 190 1830 tu
213 1765 277 1830 scis
302 1783 398 1850 quem
422 1765 633 1832 adflictentur
654 1766 801 1833 hemines
825 1773 926 1833 noctu
949 1767 1003 1832 hic
1024 1768 1058 1832 in
1080 1769 1159 1834 uia?

468 1886 772 1969 Pamphilippus

57 1992 163 2059 Tanto
188 1994 303 2078 pluris,
328 1997 385 2079 qui
407 1995 594 2075 defendant,
618 1997 666 2061 ire
688 1996 866 2078 aduersum
888 1997 1025 2062 iussero.

494 2116 740 2198 Epipccmus

57 2223 126 2289 Non
150 2224 187 2302 it,
211 2245 276 2290 non
300 2226 334 2304 it,
359 2225 437 2308 quia
459 2232 553 2291 tanto
577 2246 673 2308 opere
698 2224 817 2292 suades
839 2247 880 2291 ne
902 2225 1016 2292 ebitat.

505 2357 736 2422 Gelasimus

1028 2442 1108 2510 Iube
1125 2462 1180 2516 616

59 2551 152 2617 Domi
177 2551 255 2617 mihi
278 2551 339 2618 tibi
362 2558 504 2636 tuaeque
528 2553 621 2618 uxori
645 2552 795 2619 celeriter
817 2573 931 2618 cenam
955 2554 1060 2637 coqui.

60 2659 91 2724 Si
114 2661 227 2727 hercle
249 2661 343 2739 faxis,
366 2682 432 2727 non
455 2662 572 2744 opinor
595 2661 682 2726 dices
706 2661 880 2744 deceptum
901 2659 980 2727 fore.

461 2780 772 2862 'Pamphilippus

60 2887 118 2954 Per
140 2887 228 2954 hanc
248 2889 311 2955 tibi
334 2910 447 2954 cenam
469 2892 630 2968 incenato,
655 2889 825 2970 Gelasime
849 2910 921 2956 esse
943 2888 1040 2954 hodie
1064 2889 1151 2954 licet.

504 3009 734 3075 Gelasimus

60 3115 167 3182 Ibisne
190 3116 232 3183 ad
256 3139 370 3185 cenam
392 3119 506 3185 ieras?

467 3239 772 3320 Pamphilippns

540 3348 637 3432 Apud
660 3348 794 3413 fratrem
817 3368 897 3414 ceno
920 3349 953 3413 in
976 3368 1146 3432 proxumo.

506 3467 733 3534 Gelasimus

62 3549 233 3618 Certumne
257 3554 327 3619 est?

465 3662 774 3744 Pamphilippus

263 3747 405 3814 Certum.

502 3856 732 3924 Gelasimus

332 3965 455 4050 Edepol
478 3972 511 4031 te
533 3965 630 4032 hodie
653 3964 764 4049 lapide
788 3985 976 4048 percussum
999 3964 1108 4030 uelim.
1127 3983 1179 4036 615

143 4207 193 4258 604
212 4205 287 4258 domi
305 4206 448 4268 cenamA
533 4203 603 4258 Num
623 4203 651 4257 B
729 4203 780 4256 607
799 4207 856 4256 tum
876 4201 929 4257 ΒΟ
1026 4203 1077 4258 608
1095 4219 1178 4271 quam

66 4287 227 4343 efflictentur
294 4291 346 4344 609
362 4290 466 4360 plureis
486 4292 512 4344 A
581 4291 633 4344 610
650 4306 685 4344 66
704 4295 735 4343 tu
754 4289 842 4344 abitas
862 4289 887 4342 A
957 4291 1006 4342 611
1027 4289 1134 4356 tibique
1153 4287 1178 4339 A

66 4375 110 4427 616
128 4375 238 4429 Centum
257 4376 279 4430 C
