2920 4998
518 473 550 527 V.
568 475 712 527 411-472.
1111 477 1173 538 479

39 665 118 721 431.
156 677 304 740 mantare,
340 665 410 724 dere
438 687 571 738 recusus,
599 667 635 724 ei.
660 666 723 725 Mil.
752 667 841 727 1223.
872 695 911 706 -
945 667 1016 725 436.
1051 661 1175 742 Mateta,

39 788 69 824 v.
98 767 142 824 ed
166 766 255 828 Most.
284 770 351 828 113.

136 871 209 928 437.
239 867 443 944 demoratam,
472 873 508 932 cf.
532 871 619 951 Epid.
644 874 714 931 376.
744 900 784 912 -
814 872 874 930 440
898 892 961 948 sqq.
986 873 1107 929 senarii.
1133 899 1172 912 -

41 974 119 1031 442.
148 968 225 1032 mali
241 969 318 1048 ptus
341 975 421 1033 Com.
452 1005 489 1015 -
525 975 625 1050 ratae,
660 994 838 1045 susumus,
867 975 903 1032 cf.
928 975 998 1032 368.
1031 1002 1068 1014 -
1100 975 1172 1034 444.

41 1071 93 1133 uti
118 1075 202 1134 Corn.
233 1105 270 1118 ·-
301 1079 361 1136 445
386 1080 410 1136 si
434 1085 514 1137 recte
536 1078 680 1151 traditur,
711 1072 858 1136 scelestus
889 1076 1015 1134 mediam
1039 1062 1172 1154 corripit.

41 1173 110 1236 Fi:
141 1179 253 1252 „Quom
276 1181 371 1240 scelus
394 1181 450 1238 huc
468 1177 564 1240 leno“.
609 1183 655 1240 An
677 1175 780 1254 „lsno“
801 1177 1017 1239 omittendum?
1036 1209 1079 1218 —
1101 1179 1174 1238 446.

43 1276 105 1340 huc
129 1283 251 1360 seripsi3
287 1285 457 1360 superiores
483 1279 600 1356 „hino“‚
629 1283 759 1358 quodsi
782 1301 885 1341 verum
907 1289 998 1353 esset,
1022 1282 1174 1356 aufugium

42 1385 226 1460 legeremus,
248 1406 306 1444 non
329 1384 519 1464 conseptum.
537 1415 579 1426 —
597 1379 753 1446 subitaria
774 1386 925 1464 supplem
949 1383 1028 1443 Cam.
1056 1385 1174 1458 „subito

45 1485 154 1548 mihi“.

136 1797 209 1857 447.
244 1797 406 1875 Sceparnio
435 1798 514 1858 redit
542 1819 606 1857 eum
636 1817 728 1875 equs,
762 1817 850 1872 quum
879 1815 915 1853 ex
947 1801 1040 1874 puteo
1074 1796 1174 1856 hausit

49 1899 184 1959 laborem
206 1921 266 1959 non
289 1905 433 1971 sentiens,
468 1904 538 1979 quia
565 1901 696 1979 pulchrre
723 1899 829 1977 pueliae
856 1899 990 1958 serviret.
1024 1929 1066 1940 -
1100 1900 1171 1958 449.

50 1997 175 2077 Nimio,
200 2005 237 2061 of.
259 2006 328 2063 183.
349 2034 388 2043 --
412 2006 484 2064 450.
507 1998 713 2079 praefiscine,
737 2002 924 2078 siderandum,
950 2001 1029 2059 absit
1050 2001 1171 2076 invidis,

49 2106 130 2180 quod
162 2125 208 2164 me
232 2113 261 2165 et
283 2127 331 2166 res
353 2128 433 2167 meos
456 2107 590 2178 laudavi,
620 2108 656 2165 ef.
681 2108 763 2165 Asin.
787 2106 864 2164 487:
902 2103 1093 2179 „Preefiscini
1117 2103 1172 2164 hoe

49 2227 125 2267 nuno
148 2209 288 2267 dixerim:
312 2229 396 2270 nemo
420 2213 508 2268 etiem
531 2229 578 2270 me
602 2212 752 2268 accusauit
774 2209 880 2267 merito
900 2203 995 2282 meo“,
1018 2227 1083 2265 cum
1104 2226 1171 2267 ann.

51 2308 121 2368 Cum
147 2313 392 2371 antecedentibus
414 2313 476 2371 heo
492 2312 715 2389 voxinngende
732 2316 786 2383 est,
811 2329 869 2368 uon
887 2331 952 2370 oum
970 2309 1170 2386 sequentibus,

51 2413 212 2489 inquibus
235 2415 316 2472 nulla
339 2417 385 2476 sui
408 2416 471 2473 lons
496 2421 549 2473 est.
595 2415 722 2473 Veretur
745 2435 781 2472 ne
809 2397 910 2485 labor,
939 2432 1025 2489 quem
1056 2411 1171 2472 nullum

51 2513 139 2572 fuisso
158 2517 312 2594 glorietur,
337 2525 405 2595 post
424 2520 532 2590 veniat,
555 2539 582 2577 r.
597 2518 668 2576 412.
682 2544 722 2556 --
743 2516 813 2575 451.
839 2508 950 2574 Satine
972 2536 999 2574 r.
1013 2514 1051 2573 sd
1063 2515 1171 2593 Amph.

52 2617 119 2676 627.
166 2619 215 2678 Sio
236 2622 342 2698 scripsi
364 2620 571 2679 Fleckeisenio
595 2624 723 2692 uuotore,
748 2618 798 2695 qni
821 2613 941 2690 „Sotin“
968 2617 1064 2677 edidit
1087 2619 1172 2677 etin

51 2725 181 2778 extremo
215 2743 302 2780 versu
344 2743 461 2795 paruere
499 2717 700 2800 inceperim'?“
758 2720 820 2798 Ego
859 2740 925 2779 oum
965 2722 1169 2798 superioribus

50 2828 163 2881 retento
192 2824 350 2885 verborum
378 2825 484 2885 ordino
514 2821 651 2899 ‚,amere“
680 2826 711 2881 in
741 2825 910 2900 proximum
932 2841 1048 2882 vorsum
1072 2827 1169 2881 trous·

50 2925 111 2982 tuli.
140 2955 185 2966 —
211 2927 317 3002 utpote
345 2923 416 3006 qui,
449 2928 485 2987 ci.
510 2926 548 2985 ed
570 2927 635 2985 Mil.
661 2928 732 2986 531.
783 2925 854 2984 Post
880 2921 969 3002 „qui“
994 2925 1103 2984 hiatus.
1128 2955 1169 2966 -

53 3028 121 3088 452.
144 3023 226 3090 bella
248 3029 344 3104 Oem.;
371 3025 527 3103 „bellists“
553 3028 713 3088 defendere
735 3032 859 3087 conetur
882 3026 1013 3086 Studem.
1038 3027 1170 3087 Herm.I

52 3147 78 3203 p.
103 3132 173 3192 302.
197 3163 239 3173 -
261 3134 332 3193 455.
363 3127 491 3192 delituit
510 3125 605 3202 mala,
629 3132 663 3189 cf.
683 3130 753 3189 Hor.
774 3129 827 3190 od.
845 3131 869 3206 Ι,
887 3132 914 3202 9,
935 3133 972 3188 21
992 3150 1052 3207 sq.:
1084 3151 1170 3208 „pro-

55 3229 130 3291 ditor
150 3237 256 3294 intimo
274 3235 385 3294 Gratus
406 3235 513 3314 puelle
536 3236 613 3294 risus
635 3233 671 3290 eb
695 3228 835 3310 ongn10“.
854 3262 897 3272 -
914 3234 985 3292 456.
1009 3226 1168 3307 Etiamne,

54 3337 84 3391 ct.
99 3338 135 3395 ud
148 3340 230 3396 Asin.
246 3335 315 3398 707.
339 3367 379 3378 --
404 3339 475 3396 457.
499 3331 584 3396 ludis
605 3338 716 3414 optime
735 3355 790 3394 em.
804 3335 850 3394 Fl.
869 3365 912 3375 -
933 3329 1070 3394 Tandem
1086 3351 1169 3413 veru,

53 3437 171 3498 abiectis
194 3441 280 3514 ludis,
305 3443 382 3499 serio
405 3443 581 3515 interrogat,
604 3459 673 3497 num
698 3459 802 3498 urnam
826 3446 985 3516 acceptura
1007 3440 1056 3498 uit.
1095 3455 1169 3499 uero

53 3537 138 3615 tortu,
163 3545 198 3602 ci.
222 3543 259 3601 od
283 3543 401 3602 Truoui.
427 3544 497 3602 299.
526 3571 563 3582 -
592 3544 664 3601 459.
692 3532 772 3613 facit
793 3541 888 3612 Cam„
919 3547 1052 3600 correcte
1074 3542 1167 3618 scrip·

53 3647 114 3700 turn
132 3647 196 3705 cod.
211 3647 243 3704 B.
290 3640 380 3704 ludos
401 3661 450 3704 me
472 3636 507 3719 s„
530 3645 566 3703 ef.
583 3645 661 3703 iufra
681 3647 751 3704 582.
772 3646 842 3704 889.
867 3643 904 3701 ud
918 3643 1022 3721 Amph.
1038 3644 1108 3703 567.
1129 3673 1166 3686 -

56 3743 119 3803 461.
143 3741 209 3808 Sed
231 3748 341 3820 autem,
366 3747 539 3807 of.Truou1.
561 3750 631 3806 332.
665 3747 734 3805 Ter.
757 3746 875 3806 Phorm.
895 3748 971 3805 601:
997 3745 1073 3820 „Sed
1096 3746 1168 3822 quid

54 3853 186 3918 pertimui
211 3859 307 3908 autern
331 3846 456 3909 belue?“
510 3849 597 3926 Verg.
620 3849 688 3908 AEn.
712 3849 757 3924 11,
783 3851 852 3908 101.
901 3848 978 3922 „Sed
1005 3843 1108 3919 uero“,
1138 3868 1167 3908 v.

56 3947 87 4004 td
107 3950 194 4012 Poen.
220 3955 291 4012 225.
338 3953 467 4028 „Uerum
491 3949 607 4012 eutem“
635 3952 698 4010 Gau.
715 3954 784 4011 532.
809 3981 851 3991 -
874 3953 945 4010 465.
969 3951 1168 4010 7719εά6.-

55 4049 118 4111 467.
142 4049 291 4127 litterata,
316 4056 352 4115 ef.
375 4058 464 4116 1143.
491 4056 581 4113 1146.
616 4053 706 4112 Poen.
727 4056 787 4112 835
812 4073 877 4110 curn
902 4073 968 4111 eun.
989 4082 1031 4094 ··-
1052 4053 1165 4129 cantat,

56 4167 79 4208 v.
90 4155 123 4212 od
134 4157 238 4218 Bacch.
253 4160 324 4218 979.
337 4187 379 4198 -·
391 4161 463 4218 470.
486 4151 576 4216 Heus
599 4156 644 4214 ed.
658 4176 703 4234 pr.
722 4186 762 4196 —
781 4153 834 4214 ext
856 4155 944 4232 Seyff.
963 4156 1047 4216 Stud.
1066 4177 1095 4233 p.
1111 4158 1166 4230 213

56 4263 211 4332 superiores
236 4258 325 4336 „sis“‚
349 4261 428 4338 quod
459 4262 484 4318 si
507 4279 608 4318 verum
639 4266 729 4334 esset,
760 4266 829 4337 post
855 4259 962 4338 „cope“
996 4261 1166 4336 ponendum

57 4365 123 4436 eret,
151 4370 184 4422 ut
206 4364 276 4422 iecit
299 4363 343 4423 11.
375 4393 410 4403 —·
443 4365 514 4422 472.
550 4356 641 4421 Intro
670 4362 736 4421 edd.
774 4362 917 4434 Quoniam
947 4363 1083 4420 sacerdos
1107 4381 1166 4420 non
