2890 5004
262 472 326 534 430
777 464 869 518 Persa

262 661 361 721 biliter
384 661 551 739 supplevit:
586 652 650 719 80.
673 654 718 719 At
739 659 773 718 tu
795 653 846 718 dic
864 653 966 734 priate.
990 687 1031 698 -
1059 658 1130 716 241.
1160 659 1243 715 Ante
1264 653 1381 718 homiui

262 767 376 838 hiatur,
400 784 428 822 r.
445 763 564 837 Proleg.
581 784 611 841 p.
631 765 707 835 2213
735 762 896 821 Muellerus
922 757 1014 838 „hoc“
1033 754 1132 820 addit.
1156 791 1199 802 -
1224 762 1300 822 242.
1328 757 1381 821 ele·

263 866 430 945 querentur
451 863 686 925 MuellNachtr.
700 884 728 942 p.
744 866 772 923 3.
789 893 831 905 -
855 865 926 924 243.
950 855 1093 938 leuifiduc
1114 863 1161 921 ed.
1174 883 1223 941 pr.
1247 893 1293 905 -
1316 866 1381 924 244.

265 963 438 1046 ,chpula“
468 970 512 1026 ait
537 967 617 1026 Fest.
647 965 730 1042 Epit.
759 986 788 1043 p.
814 969 873 1026 366
906 966 1060 1041 „bestiola
1089 986 1182 1044 genus
1213 986 1269 1027 sex
1297 971 1383 1047 peda

262 1073 407 1146 habentis,
424 1070 478 1130 sed
492 1073 583 1130 tanta
602 1070 736 1129 levitatis
753 1075 787 1128 at
804 1089 895 1146 super
912 1089 1019 1146 aquam
1031 1089 1151 1129 currem
1163 1088 1227 1130 non
1237 1070 1381 1131 desidat&

261 1175 376 1235 Deinde
402 1175 451 1233 hic
477 1192 580 1232 versus
609 1173 743 1232 affer-tun
795 1171 908 1231 Nonius
936 1194 964 1250 p.
992 1175 1065 1232 180:
1102 1171 1254 1252 ,Tippula
1276 1177 1383 1234 animal

261 1279 457 1351 levissimum,
491 1276 571 1354 quod
601 1295 692 1352 aquas
720 1294 779 1334 non
811 1276 925 1348 nando,
959 1275 1011 1335 sed
1044 1275 1208 1350 gradiendo
1243 1282 1381 1338 66666666

261 1383 356 1440 Varro
378 1379 528 1439 Vimarco:
561 1378 604 1438 Ut
630 1379 704 1437 levis
732 1378 851 1455 tippula
878 1379 981 1438 limfon
1011 1379 1136 1452 frigidos
1157 1382 1273 1440 mansit
1296 1382 1381 1442 laeua

262 1485 401 1543 Plautus:
435 1483 533 1542 leuior
561 1501 592 1540 es
620 1501 707 1558 quam
736 1477 884 1558 tippula“.
934 1481 980 1540 Ex
1002 1481 1145 1541 Varronis
1167 1483 1238 1542 loco
1261 1485 1381 1546 Vahlen.

262 1582 362 1662 (Varr.
386 1585 446 1645 866.
471 1585 550 1643 Μ66.
573 1603 603 1661 p.
630 1579 703 1656 136)
725 1583 928 1661 paenultimam
950 1584 1069 1658 longam
1092 1604 1156 1644 ease
1178 1585 1287 1661 efficit3
1318 1589 1381 1648 Sca·

260 1691 342 1767 liger.
362 1688 447 1748 Roth.
473 1681 668 1766 „tippullam“
692 1679 885 1764 scripserunt.
902 1715 945 1725 -
965 1679 1047 1762 fidae
1067 1681 1203 1748 lcrwnia.
1246 1688 1381 1751 Genetiri

261 1811 354 1868 casus,
378 1810 467 1868 quam
489 1791 647 1867 requirunt
668 1790 823 1849 Daoierius
846 1793 876 1848 et
896 1789 1076 1849 Ritschelius
1097 1795 1132 1849 ut
1156 1794 1381 1866 accuratiorem,

260 1895 310 1955 vix
332 1894 514 1952 necessarius
536 1897 590 1953 est.
613 1923 655 1932 -
678 1892 748 1953 246.
773 1887 887 1952 Tecum
907 1885 1024 1965 habeta,
1055 1893 1117 1951 noli
1138 1893 1228 1952 alteri
1250 1915 1381 1966 namra,

261 1997 297 2056 el.
321 1995 380 2056 Cic.
404 1995 486 2056 Fam.
509 1996 582 2070 VII,
607 1998 660 2069 25,
686 1997 714 2055 2.
744 2023 784 2036 ·--
815 1995 886 2054 248.
916 1997 993 2053 Ante
1015 1990 1096 2055 harto
1122 1996 1238 2071 hiatus3
1267 1999 1307 2058 R.
1328 1999 1382 2059 hoc

259 2119 423 2179 pronomen
450 2104 521 2177 post
551 2095 669 2174 „erem“
698 2099 814 2176 posuit3
852 2097 989 2175 Spengel.
1013 2099 1112 2158 Plaut.
1139 2119 1169 2176 p.
1194 2101 1258 2160 222
1287 2106 1381 2180 suspi-

260 2209 345 2262 catur
374 2203 498 2262 alteram
525 2203 652 2262 nominis
680 2200 891 2261 Lemniselenae
924 2201 1067 2277 syllabam
1099 2203 1278 2281 productam
1307 2226 1381 2264 ease.

260 2299 513 2366 Lemniselenem
535 2306 658 2383 scripsi,
688 2305 724 2364 ci.
751 2305 820 2363 197.
842 2333 885 2345 -
907 2296 1046 2377 abietem,
1075 2304 1214 2382 abiegnas
1244 2309 1380 2368 tabellae

259 2408 368 2469 Videas
389 2429 507 2469 servum
530 2427 604 2480 esse,
629 2410 680 2485 qui
703 2427 739 2466 ex
761 2408 904 2467 vilissimo
925 2407 1006 2484 liguo
1023 2407 1110 2467 fartis
1126 2413 1232 2467 utatur
1249 2411 1380 2483 tabellia

260 2531 328 2587 non,
350 2518 384 2571 ut
406 2513 611 2587 elegantiores,
642 2510 754 2570 buxeis.
778 2540 820 2551 -
849 2512 921 2570 249.
949 2504 1045 2570 Iuoeta
1067 2510 1175 2586 tecum,
1197 2533 1225 2572 v.
1249 2513 1291 2573 ad
1314 2515 1379 2573 sul.

260 2615 332 2674 674.
355 2639 394 2655 *-
424 2617 495 2674 250.
519 2610 597 2674 Nisi
617 2607 768 2688 torturae,
791 2612 851 2672 Gie.
875 2612 914 2671 sd
935 2613 1020 2674 Brut.
1043 2612 1072 2687 1,
1099 2617 1147 2689 15,
1173 2617 1200 2675 3.
1240 2614 1321 2674 Gall.
1344 2617 1379 2688 X,

261 2720 289 2793 3,
316 2719 362 2776 18.
386 2747 427 2758 -
456 2711 502 2776 Et
521 2737 578 2795 pro
603 2712 680 2792 „st“
702 2715 790 2776 Both.
834 2715 973 2776 Fortasse
992 2717 1199 2790 omittendum,
1223 2723 1258 2776 ut
1279 2696 1379 2777 hiatus

260 2822 359 2898 potins
382 2823 412 2879 in
435 2840 547 2880 casura
568 2821 609 2879 eit
631 2838 719 2897 quam
741 2822 810 2895 post
830 2813 945 2879 abiere.
995 2819 1030 2878 R.
1055 2819 1118 2880 erl:
1150 2820 1225 2894 ,SO.
1249 2822 1326 2880 Abi:
1351 2827 1379 2879 et

260 2944 314 3002 ego
337 2923 447 2984 abiero.
481 2923 569 2983 PAE.
591 2917 750 2982 Ambula“.
784 2921 934 2982 Mueller:
962 2922 1036 2996 „SO.
1060 2921 1154 2984 Abeo.
1193 2923 1227 2981 P.
1250 2924 1329 2983 Abi:
1351 2929 1380 2982 66

260 3047 314 3105 ego
337 3022 468 3087 abiero“.

716 3195 918 3202 ...μ-*μ-

346 3339 415 3397 251.
445 3335 608 3410 Sagaristio
631 3340 733 3396 contra
755 3355 838 3414 spem
859 3355 979 3414 compos
1001 3337 1116 3414 argenti
1137 3337 1233 3396 fectus
1254 3355 1322 3396 oum
1343 3355 1376 3396 ec

259 3440 297 3501 ad
320 3441 444 3499 amioum
466 3457 498 3496 aa
521 3439 644 3498 confert.
695 3439 788 3500 Scene
810 3441 900 3500 variis
922 3441 1053 3499 numeris
1075 3441 1191 3518 scripta
1211 3461 1229 3498 a
1251 3441 1373 3511 creticis,

258 3548 293 3602 66
314 3542 442 3615 ridetur,
465 3542 608 3619 incipiens
630 3542 661 3600 in
681 3543 794 3602 iambos
816 3547 846 3602 et
866 3543 1012 3603 troahaeos
1034 3542 1107 3603 abit.
1158 3543 1290 3602 Primum
1312 3563 1373 3602 rer·

257 3665 323 3704 aum
352 3644 540 3704 Hermannus
566 3645 597 3703 in
625 3646 699 3704 dnos
727 3646 842 3720 divisit,
872 3647 1032 3705 dimetrum
1060 3647 1200 3706 creticum
1228 3653 1259 3706 et
1283 3652 1374 3706 tetra·

259 3754 385 3806 metrum
407 3747 604 3822 bacclianum,
630 3767 663 3807 ao
680 3749 723 3807 sic
740 3749 953 3828 diaeripsisaem
970 3749 1097 3810 mallem.
1141 3749 1298 3829 Spengelio
1315 3749 1373 3808 Re·

258 3852 460 3912 formvorsohl.
483 3871 512 3929 p.
538 3853 577 3910 68
601 3850 768 3911 trochaicus
795 3852 953 3912 ridebatur
974 3873 1029 3932 pro
1054 3868 1198 3931 saprum
1223 3855 1369 3928 „summai”

259 3959 310 4014 aut
326 3949 471 4034 „supero“
487 3953 633 4014 scribenti.
678 3956 739 4014 252
761 3959 934 4016 tetrameter
956 3955 1143 4033 bacohiams,
1168 3959 1228 4017 253
1251 3960 1385 4034 propter·

257 4059 392 4118 lacunam
424 4059 573 4131 incertus,
614 4059 759 4119 tet—55
789 4057 907 4118 iambici
940 4061 1097 4134 octonarii,
1132 4061 1276 4122 266-58
1306 4065 1370 4118 tro·

258 4160 352 4220 chaioi
369 4160 521 4237 octonarii,
548 4162 692 4222 259-61
711 4161 856 4222 trochaici
873 4165 1043 4241 septenarii,
1068 4166 1214 4225 262-66
1229 4161 1371 4223 trochaici

257 4264 411 4338 octonarii,
437 4265 582 4324 264-65
605 4263 748 4324 trochaici
775 4265 951 4344 septenarii,
986 4267 1131 4328 266-69
1155 4267 1269 4327 iambici
1288 4269 1369 4324 octo·

256 4367 343 4439 narii,
367 4366 428 4425 270
451 4365 593 4426 iambicus
616 4349 812 4445 septenarius.
