2890 5004
523 504 554 558 V.
573 505 718 560 469-496.
1121 506 1183 567 443

49 697 206 775 adorne“,
231 705 260 760 et
282 703 312 760 in
334 703 484 779 plerisque
508 719 617 776 eorum,
641 719 706 778 qure
730 700 818 760 attuli
841 699 878 758 ed
901 698 980 759 Men.
1007 703 1067 761 865
1092 707 1124 762 et
1145 703 1183 764 ed

48 803 145 864 Asin.
170 806 246 878 697,
274 803 326 864 ubi
349 804 410 864 hrec
432 806 555 884 scripsi:
583 803 725 879 ,Plautus
747 803 898 864 interdum
921 821 975 880 per
998 805 1183 882 copulativae

49 909 284 967 coniunctiones
308 907 439 967 membre
462 910 615 986 coniungit
637 909 761 968 diversa
783 909 951 980 structure,
974 906 1026 966 ubi
1043 927 1097 968 uos
1115 929 1182 968 con·

49 1011 248 1070 iunctionem'
266 1009 368 1071 abesse
391 1007 575 1072 mallemus“.
626 1011 688 1069 Nec
709 1009 771 1069 iere
796 1009 856 1068 alie
877 1008 955 1068 retio
978 1015 1024 1070 est
1046 1013 1181 1072 coniunc-

48 1113 152 1171 tionis
173 1109 300 1190 ,etque“
319 1115 350 1172 in
372 1117 408 1174 iis
429 1115 512 1191 locis,
535 1135 610 1192 quoe
627 1113 920 1174 commemoravimus
938 1113 976 1174 od
987 1113 1095 1192 Amph.
1110 1117 1180 1175 948.

50 1246 99 1256 -
124 1217 198 1276 481.
227 1211 342 1292 OredO,
366 1217 445 1294 quod
468 1238 498 1276 se
521 1221 624 1276 contre
646 1236 757 1276 morem
779 1235 864 1275 suum
886 1217 945 1274 iam
967 1217 1065 1276 fecere
1087 1239 1183 1297 nuper

49 1320 184 1379 miratus
213 1325 277 1378 eret
304 1321 365 1378 475
394 1339 438 1398 sq.
474 1350 515 1360 -
554 1314 644 1382 Unde
671 1315 741 1396 apia
769 1312 820 1378 te?
852 1318 887 1378 cf.
913 1321 983 1379 917.
1038 1307 1094 1380 Ad‘
1119 1321 1182 1382 hec

49 1441 177 1499 quoque
200 1423 361 1500 respondet
388 1416 489 1482 Credo
513 1417 579 1496 tibi,
604 1443 671 1481 nem
695 1424 725 1482 iu
749 1422 803 1481 lroc
826 1425 917 1484 verbo
940 1423 1102 1501 repetendo
1124 1423 1181 1484 sibi

48 1525 160 1603 placet
181 1527 292 1584 comice
320 1527 453 1598 ratione,
487 1531 522 1584 ut
546 1526 620 1584 llud.
649 1527 728 1583 1199
752 1546 816 1602 sqq.
844 1522 978 1600 „Licet“,
1012 1527 1091 1586 1956
1115 1547 1180 1605 sqq.

54 1625 213 1701 ‚‚Ceuseo“
237 1627 398 1686 identidem
422 1630 585 1704 repetitur,
619 1649 672 1687 nec
702 1647 789 1705 quem
819 1629 898 1687 clere
928 1629 1107 1707 respondeat
1129 1632 1181 1696 ad-

50 1732 180 1790 modum
209 1736 303 1790 curat.
354 1730 527 1807 Respondet
549 1736 648 1790 temen
671 1733 799 1808 quodem
823 1731 925 1804 mod03
960 1735 1040 1792 venit
1064 1733 1181 1794 enimn

51 1835 249 1908 magistratu,
291 1835 371 1911 epud
399 1854 487 1912 quem
521 1833 753 1893 Lemniselenem
787 1836 925 1894 liberarit
960 1828 1065 1912 (473),
1100 1837 1181 1914 quod

52 1946 148 2000 antee
165 1939 260 1995 iecere
278 1938 424 2010 nolueret,
448 1957 537 2014 quum
556 1937 662 1996 Toxilo
678 1941 811 2015 pretium
831 1940 952 1999 credere
970 1959 1029 1998 non
1047 1941 1179 2014 auderet,

51 2045 116 2101 iem
141 2046 265 2115 urgento
288 2045 408 2117 eccepto
430 2039 510 2099 iecit.
555 2039 616 2098 Nec
634 2041 769 2100 Mueller.
788 2041 912 2101 Proeod.
936 2064 965 2119 p.
990 2045 1051 2104 639
1074 2064 1128 2103 nec
1150 2066 1179 2104 v.

51 2145 201 2223 ljaendijk
217 2165 247 2222 p.
262 2145 302 2203 34
324 2144 422 2203 locum
439 2144 658 2204 intellexerunt.
677 2175 718 2185 —
737 2146 808 2203 489.
833 2139 903 2204 Eleo
922 2160 972 2218 att,
997 2167 1021 2206 v.
1037 2147 1074 2205 ed
1088 2147 1177 2208 Most.

56 2253 130 2308 173.
153 2279 195 2288 —
218 2249 288 2308 483.
314 2246 424 2307 auctus
446 2249 509 2306 sine
535 2243 603 2322 „es“
623 2249 659 2306 A.
677 2279 719 2288 -
741 2242 870 2322 Enicas,
894 2271 920 2308 v.
941 2249 980 2308 ed
996 2251 1080 2322 Asin.
1107 2254 1177 2312 399.

52 2383 97 2392 -
110 2353 183 2412 484.
205 2351 250 2410 Ne
271 2351 414 2409 iambicus
436 2370 538 2410 versus
561 2351 707 2410 trocheus
731 2353 972 2429 interrumperet,
995 2353 1076 2412 Brix.
1092 2351 1176 2430 „me“

52 2453 182 2516 delebat.
228 2453 263 2512 In
291 2457 317 2512 A
347 2460 479 2513 extremo
507 2456 607 2515 versui
635 2453 748 2530 aliquid
779 2454 912 2514 additum
941 2461 994 2515 est.
1047 2457 1081 2516 R.
1109 2458 1178 2532 ,ob-

53 2553 159 2618 secre“
184 2555 320 2632 legebat,
354 2557 433 2634 quod
456 2558 480 2615 si
503 2557 546 2616 ite
568 2563 627 2632 est,
661 2558 838 2636 simpliciter
866 2558 1021 2618 delendum
1050 2566 1097 2619 est
1126 2582 1178 2620 neu

52 2684 111 2742 pro
140 2663 220 2719 exitu
248 2659 397 2738 deperditi
426 2679 527 2720 versus
556 2660 742 2732 habendum,
776 2662 828 2737 qui
856 2663 976 2720 omnine
1010 2683 1068 2723 non
1102 2664 1177 2723 desi·

52 2767 186 2824 deretur.
232 2763 327 2841 Gepp.
340 2763 425 2823 Stud.
443 2764 472 2822 II
489 2784 518 2842 p.
538 2765 577 2824 89
599 2759 686 2841 „pol“
711 2765 838 2840 legebat,
863 2765 942 2842 quod
960 2785 1024 2824 cum
1041 2768 1177 2845 proximo

52 2889 141 2926 versu
168 2869 196 2942 „i
219 2865 273 2926 ed“
299 2868 406 2942 iungit.
436 2897 478 2906 -
505 2867 577 2926 485.
612 2863 633 2926 Ι
658 2863 701 2928 ad
720 2862 844 2941 lorum
875 2884 890 2926 e
906 2868 1054 2942 praeiere
1076 2871 1111 2928 A.
1135 2900 1177 2912 -

53 2973 127 3030 487.
152 2965 319 3048 quoe'quam
341 2965 425 3048 quod
447 2970 560 3045 Lumb,
584 2991 617 3030 ao
640 2972 828 3030 consentiunt
850 2972 1026 3046 vestigieA.
1045 3001 1085 3012 —
1103 2973 1176 3033 490.

54 3071 271 3134 711911.-
294 3070 416 3132 instare
438 3072 518 3151 epud
540 3072 678 3132 Plautum
701 3080 761 3133 tem
785 3093 850 3132 cum
874 3073 974 3132 dativo
998 3094 1087 3151 quem
1111 3095 1176 3135 cum

46 3179 222 3238 'accusativo
245 3177 387 3250 iungitur,
411 3199 438 3236 r.
463 3175 548 3236 Cure.
574 3179 645 3236 376.
680 3177 758 3237 Men.
786 3181 856 3237 339.
890 3177 979 3238 Poen.
997 3179 1069 3236 917.
1098 3178 1177 3238 infra

56 3283 126 3340 519.
150 3309 193 3319 -
215 3281 287 3340 491.
312 3271 502 3339 condiebam
525 3275 636 3353 dicere,
660 3281 678 3336 i.
698 3301 723 3340 e.
742 3302 778 3340 ne
799 3281 943 3354 dicerem
968 3281 1004 3340 cf.
1025 3281 1175 3342 edAulul.

56 3387 127 3444 333.
150 3413 191 3423 -
213 3397 296 3441 aluric
319 3397 386 3440 eam
407 3376 550 3456 uarruim,
572 3383 767 3461 parenthesis,
792 3404 819 3442 r.
840 3383 876 3443 ed
895 3384 978 3444 Asin.
992 3387 1063 3443 781.
1093 3385 1174 3444 Trin.

57 3487 128 3545 195.
167 3484 260 3544 Stich.
286 3486 356 3544 368.
396 3485 478 3544 Trin.
505 3487 595 3545 1019.
651 3485 767 3547 Nonius
795 3508 825 3565 p.
850 3489 925 3545 91οε
964 3487 1175 3561 „Lucrnm...

54 3589 208 3648 masculini
231 3589 348 3662 generis
365 3587 489 3647 Plautus
506 3588 610 3647 Perea:
634 3609 712 3648 nunc
734 3610 768 3648 ee
789 3592 925 3662 narrabo,
948 3591 1027 3648 unde
1049 3595 1082 3649 tu
1105 3611 1174 3668 per-

54 3693 194 3767 grandem
212 3691 326 3750 lucrum
346 3689 468 3750 lucies“.
488 3721 525 3732 -
545 3693 616 3750 499.
637 3687 769 3752 Faciam
785 3694 822 3751 eci
839 3712 943 3752 versus
960 3711 1049 3751 cause
1065 3693 1177 3752 delerit

54 3795 105 3868 R,
140 3814 192 3871 ego
215 3794 305 3852 malui
327 3789 422 3854 eniteas
443 3796 475 3853 in
496 3796 665 3872 proximum
688 3816 805 3856 versum
834 3796 1011 3869 transferre,
1047 3797 1098 3872 qni
1121 3795 1177 3855 hoc

54 3899 131 3956 fecto
164 3917 251 3956 senus
285 3901 345 3969 est;
379 3917 432 3956 nec
466 3899 553 3957 eliter
581 3899 775 3958 Studemund.
799 3897 883 3957 Cant.
915 3917 943 3975 p.
969 3899 997 3956 3.
1028 3927 1068 3937 -
1102 3899 1174 3958 493.

55 3999 201 4060 Dordalus
228 4000 303 4059 bene
334 4000 421 4060 dictis
450 4003 511 4060 eius
538 4022 643 4080 perum
672 4001 810 4073 confidit,
843 4003 899 4060 niei
928 4000 1002 4058 bene
1029 4001 1175 4061 sectorum

55 4103 195 4164 auxilium
218 4104 348 4163 accedet.
374 4133 416 4145 -
444 4105 516 4162 494.
546 4090 607 4180 lte,
635 4104 747 4182 inquit,
775 4104 968 4182 promeruisti
990 4103 1027 4161 de
1050 4124 1110 4177 me,
1142 4111 1176 4164 ut

55 4209 160 4266 merito
182 4206 239 4266 tibi
260 4205 336 4265 bene
358 4208 474 4266 iccium.
493 4236 532 4247 -
558 4209 618 4266 495
643 4209 856 4284 enepaeslionm
880 4207 1081 4283 septenarium
1103 4208 1176 4267 lecit

56 4310 192 4388 Spengel.
216 4314 353 4388 correpte
375 4309 472 4368 media
493 4311 574 4370 vocis
596 4307 759 4384 „tebelles“
780 4315 810 4367 et
829 4307 1007 4386 ,pellegito“
1033 4311 1173 4370 scribens.

55 4443 93 4454 -
123 4414 196 4472 496.
220 4411 273 4471 R.:
311 4413 362 4488 „Iu
386 4413 550 4472 litterarum
574 4415 688 4492 spatie,
718 4433 783 4492 quea
804 4418 874 4491 port
895 4407 973 4472 milei
995 4417 1063 4472 aunt
1084 4416 1115 4470 in
1136 4413 1171 4487 A,
