2898 4996
567 517 686 574 Stichus.
1119 525 1181 586 213

506 706 728 792 Panegyris

679 815 749 882 Ean
771 817 879 898 gnatis
901 815 981 882 foris
1003 815 1179 899 ecfringis?

495 968 731 1036 Gelasimus

52 1082 140 1148 Tuos
166 1080 316 1158 inclama,
339 1081 390 1144 tui
413 1078 623 1162 delinquont;
647 1098 707 1162 ega
730 1079 811 1162 qnid
828 1097 880 1143 me
900 1077 1003 1144 uelles
1021 1076 1179 1144 uissbsm.

51 1190 134 1256 Nam
159 1210 212 1254 me
236 1187 388 1272 equidem
410 1185 527 1251 harum
550 1184 737 1252 miserebat.

513 1339 722 1405 Pinacium

469 1447 555 1532 Ergo
578 1448 738 1514 auxilium
761 1467 900 1532 propere
922 1447 1026 1514 latum
1049 1453 1108 1516 est.
1128 1465 1181 1520 330

503 1601 728 1686 Panegyris

56 1710 211 1788 Quisnam
235 1710 289 1776 hie
310 1709 457 1793 loquitur
480 1717 546 1774 tam
571 1731 672 1794 prope
696 1711 779 1775 nos?

505 1881 737 1948 Gelasimus

777 1989 956 2055 Pinacium.

509 2143 732 2230 Panegyris

969 2225 1032 2294 Ubi
1055 2229 1084 2293 is
1107 2229 1180 2295 est?

513 2383 721 2450 Pinacium

61 2491 194 2575 Respice
223 2491 266 2557 ad
289 2511 341 2556 me
364 2498 397 2556 et
418 2491 569 2576 relinque
593 2501 738 2575 egentem
764 2493 960 2577 parasitum,
992 2493 1178 2577 Panegyris.

505 2659 729 2746 Panegyris

61 2746 236 2830 Pinacium,

513 2890 723 2956 Pinacium

282 2997 372 3064 Istuc
395 2997 585 3063 indiderunt
607 3020 724 3063 nomen
748 2999 888 3065 maiores
912 2998 999 3063 mihi.

506 3149 730 3234 Panegyris

64 3234 143 3312 Quid
168 3237 262 3321 agis?

514 3377 562 3443 Pi
571 3380 723 3446 riarium

209 3486 296 3565 Quid
320 3506 426 3569 agam,
449 3487 597 3568 rogitas?

504 3657 729 3742 Panegyris

508 3764 592 3844 Quid
617 3768 648 3831 ni
673 3767 834 3850 rogitem?

515 3919 723 3986 Pinariam

766 4027 850 4106 Quid
874 4049 1000 4094 meeum
1025 4029 1180 4096 esttibi?

68 4144 258 4158 -—————

147 4233 196 4288 328
214 4229 289 4286 PAN
307 4246 356 4287 aas
375 4231 403 4286 A
487 4234 538 4288 330
556 4249 601 4287 me
620 4248 670 4288 am.
688 4231 740 4288 ΒΟ
825 4233 937 4301 quidem
955 4234 982 4288 A
1066 4235 1198 4290 misere·‘

68 4311 127 4370 brut
142 4318 168 4372 A
219 4319 268 4372 331
288 4318 437 4386 pinaeunm
456 4317 491 4386 Β,
511 4318 651 4374 dinaeium
673 4317 695 4373 O
744 4317 847 4372 ubiisst
860 4318 887 4372 A
939 4319 991 4372 333
1008 4320 1044 4373 ad
1062 4333 1112 4374 em.
1131 4318 1182 4374 Bo

68 4399 122 4452 med
138 4402 163 4456 A
231 4404 281 4458 333
300 4402 447 4460 Dinaeium
466 4402 489 4458 0
556 4403 620 4458 PIN
638 4420 688 4459 am.
707 4405 734 4458 A
802 4401 924 4458 indidsri
942 4403 969 4458 Β
