2920 4998
251 447 312 508 536
749 440 870 494 Stichus.
965 405 971 418 ἱ

250 655 339 713 quem
367 655 432 696 cnm
462 635 597 694 omnibus
620 634 704 694 codd.
735 637 880 694 consentit
908 636 997 693 etism
1025 635 1174 694 Charisius
1203 636 1219 693 I
1245 657 1278 712 p.
1308 637 1374 708 lon,

249 743 349 796 tamen
368 737 473 796 Latine
497 737 555 796 dici
583 757 644 797 non
670 738 767 797 oredo.
822 737 878 797 Ed.
905 757 950 813 pr.
984 734 1062 810 „ini“
1093 745 1198 796 contre
1221 757 1374 806 numerem

250 843 386 918 equidem
417 836 473 912 tui,
497 841 578 914 quod
595 859 684 916 quum
702 841 729 898 h.
742 841 762 900 1.
783 847 952 916 corruptum
972 847 1058 912 esset,
1082 842 1113 898 in
1129 839 1268 917 proximo
1288 860 1376 898 versu

250 947 492 1021 interposuerunt
514 944 639 1018 librarii,
662 945 829 1020 refragante
846 948 950 1015 metro,
975 963 1065 1020 quare
1082 943 1170 1002 Both.
1188 943 1226 1001 R.
1239 949 1376 1018 transpo-

250 1051 387 1105 suerunt:
415 1046 553 1120 „honoris
572 1067 659 1104 causa
675 1041 750 1103 tui“.
796 1045 853 1104 Sed
870 1052 1014 1123 praeteree
1027 1039 1166 1120 Propero
1183 1045 1377 1103 scribendum

250 1150 316 1206 fuit.
334 1179 377 1188 —
401 1151 470 1208 340.
495 1144 606 1208 Nimio
629 1145 757 1223 adporto
781 1143 880 1208 mutto
903 1149 988 1208 tanto
1004 1143 1082 1223 ptus
1104 1149 1139 1216 R,
1163 1169 1190 1207 v.
1211 1143 1375 1206 cd'Bacch.

254 1252 311 1310 148
331 1257 361 1309 et
384 1253 453 1309 307.
479 1281 520 1290 -
539 1253 609 1310 341.
626 1243 765 1326 perbibit
786 1253 859 1310 mire
882 1253 1033 1310 causativa
1050 1253 1078 1308 vi
1096 1271 1152 1330 pro
1169 1249 1375 1326 penetrando,

253 1350 409 1430 „perbuit“
424 1357 612 1431 corrigerem,
630 1360 665 1412 ut
679 1350 833 1426 „imbuit“,
852 1356 877 1414 ei
895 1355 1015 1413 verbum
1033 1355 1152 1412 aliunde
1165 1359 1273 1412 notum
1287 1361 1375 1410 esset.

250 1485 293 1494 --
317 1457 386 1514 342.
408 1452 554 1530 percepit,
577 1477 605 1516 v.
629 1456 667 1514 sd
689 1458 795 1534 Amph.
822 1459 912 1517 1134.
930 1487 972 1497 -
995 1459 1065 1516 343.
1088 1453 1135 1516 At
1151 1457 1219 1513 edd.
1265 1454 1372 1514 Gostz.

251 1559 529 1617 cumBuechelero:
557 1559 614 1631 „At
629 1559 750 1617 uirum?
778 1560 855 1620 PIN.
874 1559 1019 1637 Equidem
1036 1555 1222 1638 plurumos“,
1247 1560 1375 1616 fortasse

251 1666 340 1718 recte.
353 1690 394 1700 -
408 1661 477 1720 344.
506 1657 571 1737 Quo
589 1657 705 1720 modo?
731 1661 842 1721 Ritech.
857 1663 973 1721 mulieri
984 1663 1100 1737 tribuit,
1116 1682 1202 1738 quem
1221 1681 1374 1737 sequerer,

250 1763 274 1822 si
299 1765 328 1821 in
351 1763 373 1822 Ο
396 1769 465 1841 post
485 1763 546 1822 haec
569 1783 703 1842 personae
726 1767 855 1842 spatium
879 1766 1013 1823 relictum
1037 1771 1123 1823 esset.
1146 1794 1190 1804 —
1217 1765 1291 1824 345.
1317 1759 1374 1822 im·

248 1881 332 1941 pune
354 1866 422 1926 add.
445 1867 479 1926 R.
504 1870 534 1924 in
557 1867 653 1939 notis,
677 1869 707 1924 in
731 1873 887 1925 contextu:
920 1869 1035 1935 „istunc
1056 1864 1176 1941 eegre“.
1199 1895 1243 1906 -
1271 1862 1374 1925 dicere

250 1964 377 2040 iniuste,
400 1968 586 2046 maledicere,
610 1992 636 2027 v.
657 1971 693 2048 ed
707 1969 810 2028 Bacch.
824 1972 896 2030 462.
917 2001 954 2011 —
974 1972 1043 2029 347.
1069 1971 1220 2028 Parasitus
1244 1977 1372 2036 veretur,

250 2090 288 2129 ns
310 2091 381 2130 vers
403 2072 576 2147 predixerit
598 2091 708 2131 servus.
730 2103 772 2115 --
797 2075 867 2131 348.
895 2073 1003 2132 Servus
1026 2074 1146 2131 delicies
1169 2073 1282 2130 inciens
1307 2079 1374 2129 ante

251 2194 338 2250 quam
361 2177 457 2252 ipsum
480 2177 616 2233 nuntium
639 2174 771 2247 exhibet,
794 2177 853 2233 alic
874 2177 987 2248 omnis,
1011 2194 1163 2252 quoscum
1187 2175 1244 2234 hoc
1266 2177 1372 2232 nuntio

252 2281 405 2336 coniuncte
427 2282 510 2351 sunt,
533 2278 662 2355 profert,
693 2280 838 2354 imprimis
867 2279 944 2336 oedee
965 2277 1196 2355 pnrgari'inbet
1217 2283 1250 2336 et
1272 2277 1373 2335 ornari

251 2379 287 2438 sd
317 2380 419 2438 berum
442 2379 653 2458 recipiendum.
683 2411 725 2420 -
753 2376 976 2454 harundinem,
1007 2383 1045 2439 sd
1074 2401 1196 2440 araneos
1227 2379 1265 2438 de
1294 2381 1373 2438 lacn·

249 2483 369 2540 neribus
392 2482 582 2542 deiiciendos.
606 2510 647 2522 -
672 2485 742 2542 349.
769 2498 957 2542 araneorum
979 2484 1141 2542 masculine
1163 2483 1261 2542 forma
1283 2485 1374 2540 etism

248 2583 363 2643 Nonius
380 2606 410 2662 p.
432 2587 507 2652 192,
530 2604 559 2642 v.
579 2586 616 2643 nd
635 2587 717 2644 Asin.
735 2588 810 2646 422:
855 2588 969 2660 „Iussin
989 2586 1131 2645 columnis
1154 2586 1244 2644 deiici
1267 2605 1374 2662 operas

250 2685 456 2746 ernneorum“.
501 2687 688 2747 Femininum
711 2709 819 2765 genus,
844 2691 924 2766 qnod
947 2691 977 2748 in
1000 2690 1144 2767 proximis
1167 2689 1304 2748 versibus
1327 2709 1372 2746 ce·

249 2796 330 2849 teros
353 2789 467 2848 codices
489 2793 611 2862 invasit,
634 2792 660 2848 A
681 2792 885 2851 tantummodo
906 2813 934 2850 v.
956 2793 1016 2851 356
1035 2791 1133 2865 hebet,
1157 2792 1212 2849 sed
1234 2792 1273 2850 de
1294 2792 1370 2861 telis,

249 2913 306 2952 non
329 2893 366 2951 de
389 2893 571 2952 animalibus.
586 2923 623 2933 -
645 2895 715 2952 350.
739 2888 948 2972 Deteiamque
965 2894 991 2952 A
1010 2899 1040 2952 et
1057 2895 1179 2953 Nonius.
1193 2925 1234 2936 —
1253 2889 1372 2954 Miseri

249 2996 392 3054 Fleckeis.
417 3025 457 3037 -
480 2991 627 3072 clpcbunt
648 2996 684 3055 A.
708 3025 750 3036 —
779 2999 849 3056 351.
878 2991 953 3055 ilios
975 2991 1125 3056 itidemne
1146 2998 1182 3054 A.
1206 3025 1248 3037 -
1272 2993 1372 3074 errori,

248 3105 289 3172 nt,
314 3118 340 3158 v.
364 3099 402 3156 ed
425 3097 501 3158 Rud.
528 3101 598 3159 995.
623 3128 665 3139 -·
696 3102 765 3158 352.
788 3113 941 3158 conuorre
963 3099 1007 3158 Fl.
1032 3129 1074 3138 -
1102 3113 1157 3176 epo
1180 3099 1249 3158 cdd.
1271 3103 1306 3157 A.
1334 3129 1369 3139 -

251 3231 288 3241 -
326 3201 396 3260 353.
429 3197 686 3261 nassiternamA
716 3208 746 3261 et
769 3202 888 3273 Festus,
923 3223 951 3260 v.
975 3203 1012 3261 cd
1034 3202 1140 3262 Bsech.
1167 3207 1194 3262 3.
1223 3231 1268 3242 —·
1302 3204 1371 3261 354.

249 3303 358 3378 tamen,
383 3305 419 3362 cf.
446 3305 513 3362 102.
565 3303 706 3375 Quemvis
737 3304 882 3380 suffragiis
904 3305 1009 3382 populi
1033 3326 1090 3364 non
1115 3306 1242 3379 electus,
1273 3311 1371 3364 tamen

249 3407 343 3466 aedilis
365 3405 452 3465 modo
473 3409 610 3483 imperet.
634 3437 674 3446 -
700 3409 769 3466 355.
801 3401 908 3483 Tinpe,
931 3411 951 3467 i.
975 3427 1000 3466 e.
1025 3408 1172 3481 madefac,
1199 3408 1320 3486 Lipsius
1342 3413 1371 3465 ct

250 3509 388 3586 Guietus,
428 3509 507 3586 quod
540 3511 632 3566 miror
665 3529 724 3567 non
758 3529 857 3569 omnes
890 3513 1045 3587 recepisse.
1110 3507 1241 3585 „Finge“
1278 3512 1370 3587 Bugg.

248 3611 396 3672 Tidskrift
418 3614 436 3671 f.
461 3611 609 3688 Philologi
631 3611 686 3669 VII
708 3633 736 3690 p.
763 3615 811 3671 26.
836 3612 939 3672 Goetz.
958 3643 1000 3653 -
1024 3615 1094 3672 357.
1118 3608 1201 3672 nihil
1223 3633 1279 3693 pro
1301 3633 1367 3684 non,

247 3735 275 3774 v.
304 3717 341 3774 ed
369 3716 432 3774 Mil.
458 3717 528 3774 880.
566 3743 602 3754 -
639 3717 709 3774 358.
744 3713 897 3774 Excidisee
931 3717 1065 3774 voculam
1098 3734 1202 3775 versus
1224 3717 1368 3786 ostendit3

247 3833 306 3877 coc
329 3818 396 3876 add.
420 3817 510 3876 Weis.
530 3847 570 3856 -
596 3819 666 3876 359.
692 3811 891 3893 Principium
915 3813 953 3878 de
974 3814 1079 3892 lecim,
1102 3819 1139 3878 cf.
1164 3819 1272 3897 Amph.
1291 3821 1366 3878 794:

251 3919 339 3993 ,illuc
366 3939 423 3978 non
452 3921 552 3999 placet
579 3920 755 3998 principium
785 3920 821 3979 dc
851 3915 983 3980 osculo“.
1045 3921 1106 3981 Cic.
1135 3922 1218 3980 Verr.
1242 3921 1286 3994 11,
1321 3923 1367 3990 22,

250 4023 304 4080 53;
336 4042 455 4096 „recens
478 4027 542 4080 eret
564 4023 616 4080 ille
639 4042 700 4096 res,
728 4043 815 4098 qnam
840 4023 1051 4096 demonstraui,
1076 4025 1112 4082 de
1134 4023 1306 4083 Heraclio“.
1329 4033 1371 4065 '-²

249 4125 319 4184 360.
347 4121 474 4198 piscatu
494 4119 603 4184 rettuli
625 4124 838 4184 emendandum
862 4145 927 4184 esse
950 4125 1071 4204 Lipsius
1094 4127 1186 4198 vidit,
1217 4146 1270 4185 nec
1293 4131 1368 4186 enim

248 4229 323 4287 elius
340 4227 418 4284 ullus
434 4229 565 4304 piscator
584 4229 681 4299 venit3
705 4227 1039 4289 sitientissime:
1067 4235 1231 4306 „opsonatu
1249 4227 1365 4288 redeo‘.

248 4333 284 4389 ed
307 4331 371 4390 Mil.
396 4331 465 4390 691.
500 4330 583 4388 Trin.
608 4333 677 4396 267.
703 4331 772 4388 641.
796 4359 838 4372 -
863 4333 932 4390 361.
960 4327 1078 4404 deicite,
1102 4331 1219 4408 refigite
1242 4333 1280 4391 de
1303 4351 1362 4390 osr-
