<?xml version="1.0" encoding="UTF-8"?>
<!DOCTYPE html PUBLIC "-//W3C//DTD XHTML 1.0 Transitional//EN"
    "http://www.w3.org/TR/xhtml1/DTD/xhtml1-transitional.dtd">
<html xmlns="http://www.w3.org/1999/xhtml" xml:lang="en" lang="en">
 <head>
  <title>
</title>
<meta http-equiv="Content-Type" content="text/html;charset=utf-8" />
  <meta name='ocr-system' content='tesseract 3.04.00' />
  <meta name='ocr-capabilities' content='ocr_page ocr_carea ocr_par ocr_line ocrx_word'/>
</head>
<body>
  <div class='ocr_page' id='page_1' title='image "./tmacciiplautico04ussigoog_0250.png"; bbox 0 0 2898 4996; ppageno 0'>
   <div class='ocr_carea' id='block_1_1' title="bbox 949 439 961 468">
    <p class='ocr_par' dir='ltr' id='par_1_1' title="bbox 949 439 961 468">
     <span class='ocr_line' id='line_1_1' title="bbox 949 439 961 468; baseline 0 0"><span class='ocrx_word' id='word_1_1' title='bbox 949 439 961 468; x_wconf 78' lang='lat'><em>0</em></span> 
     </span>
    </p>
   </div>
   <div class='ocr_carea' id='block_1_2' title="bbox 68 477 1185 546">
    <p class='ocr_par' dir='ltr' id='par_1_2' title="bbox 68 477 1185 546">
     <span class='ocr_line' id='line_1_2' title="bbox 68 477 1185 546; baseline 0.013 -17"><span class='ocrx_word' id='word_1_2' title='bbox 68 478 100 542; x_wconf 84' lang='lat' dir='ltr'><strong>V,</strong></span> <span class='ocrx_word' id='word_1_3' title='bbox 119 483 143 546; x_wconf 77' lang='lat'><strong>4,</strong></span> <span class='ocrx_word' id='word_1_4' title='bbox 161 478 256 544; x_wconf 78' lang='lat'><strong>5-18,</strong></span> <span class='ocrx_word' id='word_1_5' title='bbox 575 477 695 532; x_wconf 84' lang='lat' dir='ltr'><strong>Stichus.</strong></span> <span class='ocrx_word' id='word_1_6' title='bbox 1125 483 1185 542; x_wconf 80' lang='lat'><strong>241</strong></span> 
     </span>
    </p>
   </div>
   <div class='ocr_carea' id='block_1_3' title="bbox 65 665 1189 2169">
    <p class='ocr_par' dir='ltr' id='par_1_3' title="bbox 514 665 738 746">
     <span class='ocr_line' id='line_1_3' title="bbox 514 665 738 746; baseline 0.004 -16"><span class='ocrx_word' id='word_1_7' title='bbox 514 665 738 746; x_wconf 77' lang='lat' dir='ltr'><strong>Soayurias</strong></span> 
     </span>
    </p>

    <p class='ocr_par' dir='ltr' id='par_1_4' title="bbox 67 774 1189 966">
     <span class='ocr_line' id='line_1_4' title="bbox 67 774 1187 858; baseline -0.001 -19"><span class='ocrx_word' id='word_1_8' title='bbox 67 778 152 840; x_wconf 86' lang='lat' dir='ltr'><strong>Dum</strong></span> <span class='ocrx_word' id='word_1_9' title='bbox 175 775 307 858; x_wconf 91' lang='lat' dir='ltr'><strong>quidem</strong></span> <span class='ocrx_word' id='word_1_10' title='bbox 330 774 448 850; x_wconf 87' lang='lat' dir='ltr'><strong>hercle,</strong></span> <span class='ocrx_word' id='word_1_11' title='bbox 472 777 609 858; x_wconf 87' lang='lat' dir='ltr'><strong>quisque</strong></span> <span class='ocrx_word' id='word_1_12' title='bbox 632 776 753 852; x_wconf 77' lang='lat' dir='ltr'><strong>ueniet,</strong></span> <span class='ocrx_word' id='word_1_13' title='bbox 784 776 896 838; x_wconf 86' lang='lat' dir='ltr'><strong>ueniat</strong></span> <span class='ocrx_word' id='word_1_14' title='bbox 918 793 990 837; x_wconf 86' lang='lat' dir='ltr'><strong>eum</strong></span> <span class='ocrx_word' id='word_1_15' title='bbox 1014 777 1091 838; x_wconf 84' lang='lat' dir='ltr'><strong>nino</strong></span> <span class='ocrx_word' id='word_1_16' title='bbox 1114 798 1187 854; x_wconf 75' lang='lat' dir='ltr'><strong>suo,</strong></span> 
     </span>
     <span class='ocr_line' id='line_1_5' title="bbox 67 882 1189 966; baseline -0.002 -18"><span class='ocrx_word' id='word_1_17' title='bbox 67 885 148 948; x_wconf 82' lang='lat' dir='ltr'><strong>Nam</strong></span> <span class='ocrx_word' id='word_1_18' title='bbox 178 884 254 947; x_wconf 88' lang='lat' dir='ltr'><strong>hino</strong></span> <span class='ocrx_word' id='word_1_19' title='bbox 282 882 415 966; x_wconf 89' lang='lat' dir='ltr'><strong>quidem</strong></span> <span class='ocrx_word' id='word_1_20' title='bbox 445 882 631 965; x_wconf 75' lang='lat' dir='ltr'>polluctura</span> <span class='ocrx_word' id='word_1_21' title='bbox 664 884 762 947; x_wconf 90' lang='lat' dir='ltr'><strong>hodie</strong></span> <span class='ocrx_word' id='word_1_22' title='bbox 797 889 927 966; x_wconf 89' lang='lat' dir='ltr'><strong>praeter</strong></span> <span class='ocrx_word' id='word_1_23' title='bbox 960 903 1021 946; x_wconf 88' lang='lat' dir='ltr'><strong>nos</strong></span> <span class='ocrx_word' id='word_1_24' title='bbox 1055 883 1189 948; x_wconf 89' lang='lat' dir='ltr'><strong>dabitur</strong></span> 
     </span>
    </p>

    <p class='ocr_par' dir='ltr' id='par_1_5' title="bbox 782 973 913 1056">
     <span class='ocr_line' id='line_1_6' title="bbox 782 973 913 1056; baseline -0.023 0"><span class='ocrx_word' id='word_1_25' title='bbox 782 973 913 1056; x_wconf 87' lang='lat' dir='ltr'><strong>nemini.</strong></span> 
     </span>
    </p>

    <p class='ocr_par' dir='ltr' id='par_1_6' title="bbox 549 1111 711 1175">
     <span class='ocr_line' id='line_1_7' title="bbox 549 1111 711 1175; baseline 0 -1"><span class='ocrx_word' id='word_1_26' title='bbox 549 1111 711 1175; x_wconf 77' lang='lat' dir='ltr'><strong>Stichus</strong></span> 
     </span>
    </p>

    <p class='ocr_par' dir='ltr' id='par_1_7' title="bbox 67 1220 1188 1303">
     <span class='ocr_line' id='line_1_8' title="bbox 67 1220 1188 1303; baseline 0 -19"><span class='ocrx_word' id='word_1_27' title='bbox 67 1222 203 1284; x_wconf 87' lang='lat' dir='ltr'><strong>Nosmet</strong></span> <span class='ocrx_word' id='word_1_28' title='bbox 224 1221 310 1283; x_wconf 87' lang='lat' dir='ltr'><strong>inter</strong></span> <span class='ocrx_word' id='word_1_29' title='bbox 332 1241 391 1283; x_wconf 88' lang='lat' dir='ltr'><strong>nos</strong></span> <span class='ocrx_word' id='word_1_30' title='bbox 415 1220 636 1283; x_wconf 81' lang='lat' dir='ltr'><strong>ministremus</strong></span> <span class='ocrx_word' id='word_1_31' title='bbox 655 1220 872 1303; x_wconf 92' lang='lat' dir='ltr'><strong>monotropbi.</strong></span> <span class='ocrx_word' id='word_1_32' title='bbox 913 1220 983 1285; x_wconf 90' lang='lat' dir='ltr'><strong>Hoc</strong></span> <span class='ocrx_word' id='word_1_33' title='bbox 1001 1221 1188 1284; x_wconf 82' lang='lat' dir='ltr'><strong>conuiuium</strong></span> 
     </span>
    </p>

    <p class='ocr_par' dir='ltr' id='par_1_8' title="bbox 65 1334 1189 1845">
     <span class='ocr_line' id='line_1_9' title="bbox 784 1334 835 1392; baseline -0.059 0"><span class='ocrx_word' id='word_1_34' title='bbox 784 1334 835 1392; x_wconf 88' lang='lat' dir='ltr'><strong>est</strong></span> 
     </span>
     <span class='ocr_line' id='line_1_10' title="bbox 65 1435 1189 1518; baseline 0.002 -20"><span class='ocrx_word' id='word_1_35' title='bbox 65 1437 128 1500; x_wconf 92' lang='lat' dir='ltr'><strong>Pro</strong></span> <span class='ocrx_word' id='word_1_36' title='bbox 147 1436 263 1518; x_wconf 88' lang='lat' dir='ltr'><strong>opibus</strong></span> <span class='ocrx_word' id='word_1_37' title='bbox 280 1437 404 1500; x_wconf 87' lang='lat' dir='ltr'><strong>nostris</strong></span> <span class='ocrx_word' id='word_1_38' title='bbox 422 1438 502 1499; x_wconf 82' lang='lat' dir='ltr'><strong>satis</strong></span> <span class='ocrx_word' id='word_1_39' title='bbox 521 1436 725 1500; x_wconf 85' lang='lat' dir='ltr'><strong>commodule</strong></span> <span class='ocrx_word' id='word_1_40' title='bbox 748 1437 896 1510; x_wconf 83' lang='lat' dir='ltr'><strong>nucibus,</strong></span> <span class='ocrx_word' id='word_1_41' title='bbox 920 1435 1048 1512; x_wconf 85' lang='lat' dir='ltr'><strong>sabulis,</strong></span> <span class='ocrx_word' id='word_1_42' title='bbox 1073 1436 1189 1515; x_wconf 89' lang='lat' dir='ltr'><strong>fieulis,</strong></span> 
     </span>
     <span class='ocr_line' id='line_1_11' title="bbox 65 1543 1189 1627; baseline 0.003 -18"><span class='ocrx_word' id='word_1_43' title='bbox 65 1546 168 1609; x_wconf 87' lang='lat' dir='ltr'><strong>Oleae</strong></span> <span class='ocrx_word' id='word_1_44' title='bbox 191 1543 362 1626; x_wconf 89' lang='lat' dir='ltr'><strong>interiplio,</strong></span> <span class='ocrx_word' id='word_1_45' title='bbox 385 1545 502 1627; x_wconf 90' lang='lat' dir='ltr'><strong>lupillo</strong></span> <span class='ocrx_word' id='word_1_46' title='bbox 527 1547 726 1620; x_wconf 91' lang='lat' dir='ltr'><strong>oonminuto,</strong></span> <span class='ocrx_word' id='word_1_47' title='bbox 750 1544 906 1608; x_wconf 83' lang='lat' dir='ltr'><strong>crustulo.</strong></span> <span class='ocrx_word' id='word_1_48' title='bbox 1137 1563 1189 1613; x_wconf 83' lang='lat'><strong>690</strong></span> 
     </span>
     <span class='ocr_line' id='line_1_12' title="bbox 66 1636 1188 1735; baseline -0.001 -19"><span class='ocrx_word' id='word_1_49' title='bbox 66 1656 195 1716; x_wconf 81' lang='lat' dir='ltr'><strong>Satiust</strong></span> <span class='ocrx_word' id='word_1_50' title='bbox 213 1673 308 1718; x_wconf 87' lang='lat' dir='ltr'><strong>seruo</strong></span> <span class='ocrx_word' id='word_1_51' title='bbox 326 1636 448 1716; x_wconf 81' lang='lat' dir='ltr'><strong>homini</strong></span> <span class='ocrx_word' id='word_1_52' title='bbox 463 1653 608 1716; x_wconf 77' lang='lat' dir='ltr'><strong>modeste</strong></span> <span class='ocrx_word' id='word_1_53' title='bbox 620 1653 727 1718; x_wconf 85' lang='lat' dir='ltr'><strong>faeere</strong></span> <span class='ocrx_word' id='word_1_54' title='bbox 740 1643 903 1734; x_wconf 88' lang='lat' dir='ltr'><strong>sumptum</strong></span> <span class='ocrx_word' id='word_1_55' title='bbox 917 1673 1013 1733; x_wconf 88' lang='lat' dir='ltr'><strong>quam</strong></span> <span class='ocrx_word' id='word_1_56' title='bbox 1027 1653 1188 1735; x_wconf 77' lang='lat' dir='ltr'><strong>ampliter.</strong></span> 
     </span>
     <span class='ocr_line' id='line_1_13' title="bbox 66 1759 1188 1845; baseline 0 -21"><span class='ocrx_word' id='word_1_57' title='bbox 66 1761 167 1826; x_wconf 87' lang='lat' dir='ltr'><strong>Suum</strong></span> <span class='ocrx_word' id='word_1_58' title='bbox 192 1782 352 1845; x_wconf 86' lang='lat' dir='ltr'><strong>quemque</strong></span> <span class='ocrx_word' id='word_1_59' title='bbox 377 1762 479 1825; x_wconf 82' lang='lat' dir='ltr'><strong>decet.</strong></span> <span class='ocrx_word' id='word_1_60' title='bbox 516 1759 640 1836; x_wconf 85' lang='lat' dir='ltr'><strong>Quibus</strong></span> <span class='ocrx_word' id='word_1_61' title='bbox 663 1762 799 1825; x_wconf 89' lang='lat' dir='ltr'><strong>diuitiae</strong></span> <span class='ocrx_word' id='word_1_62' title='bbox 822 1760 911 1824; x_wconf 92' lang='lat' dir='ltr'><strong>domi</strong></span> <span class='ocrx_word' id='word_1_63' title='bbox 929 1771 1013 1838; x_wconf 88' lang='lat' dir='ltr'><strong>aunt,</strong></span> <span class='ocrx_word' id='word_1_64' title='bbox 1037 1760 1188 1844; x_wconf 83' lang='lat' dir='ltr'><strong>scaphiis,</strong></span> 
     </span>
    </p>

    <p class='ocr_par' dir='ltr' id='par_1_9' title="bbox 664 1862 1007 1945">
     <span class='ocr_line' id='line_1_14' title="bbox 664 1862 1007 1945; baseline 0 -13"><span class='ocrx_word' id='word_1_65' title='bbox 664 1905 670 1917; x_wconf 91' lang='lat'><strong>·</strong></span> <span class='ocrx_word' id='word_1_66' title='bbox 762 1869 949 1945; x_wconf 81' lang='lat' dir='ltr'><strong>eantheris,</strong></span> <span class='ocrx_word' id='word_1_67' title='bbox 1003 1862 1007 1870; x_wconf 74' lang='grc'><em>“</em></span> 
     </span>
    </p>

    <p class='ocr_par' dir='ltr' id='par_1_10' title="bbox 66 1977 1189 2169">
     <span class='ocr_line' id='line_1_15' title="bbox 68 1977 962 2060; baseline -0.001 -20"><span class='ocrx_word' id='word_1_68' title='bbox 68 1979 213 2042; x_wconf 87' lang='lat' dir='ltr'><strong>Batioois</strong></span> <span class='ocrx_word' id='word_1_69' title='bbox 236 1977 370 2056; x_wconf 90' lang='lat' dir='ltr'><strong>bibunt;</strong></span> <span class='ocrx_word' id='word_1_70' title='bbox 393 1984 429 2040; x_wconf 87' lang='lat' dir='ltr'><strong>at</strong></span> <span class='ocrx_word' id='word_1_71' title='bbox 451 1999 509 2042; x_wconf 89' lang='lat' dir='ltr'><strong>nos</strong></span> <span class='ocrx_word' id='word_1_72' title='bbox 533 1984 645 2042; x_wconf 88' lang='lat' dir='ltr'><strong>nostro</strong></span> <span class='ocrx_word' id='word_1_73' title='bbox 669 1977 810 2042; x_wconf 84' lang='lat' dir='ltr'><strong>Samiolo</strong></span> <span class='ocrx_word' id='word_1_74' title='bbox 834 1979 962 2060; x_wconf 88' lang='lat' dir='ltr'><strong>poterio</strong></span> 
     </span>
     <span class='ocr_line' id='line_1_16' title="bbox 66 2085 1189 2169; baseline 0.002 -21"><span class='ocrx_word' id='word_1_75' title='bbox 66 2085 211 2150; x_wconf 84' lang='lat' dir='ltr'><strong>Tametsi</strong></span> <span class='ocrx_word' id='word_1_76' title='bbox 230 2086 382 2162; x_wconf 86' lang='lat' dir='ltr'><strong>bibimus,</strong></span> <span class='ocrx_word' id='word_1_77' title='bbox 406 2092 515 2150; x_wconf 88' lang='lat' dir='ltr'><strong>tamen</strong></span> <span class='ocrx_word' id='word_1_78' title='bbox 535 2086 698 2151; x_wconf 86' lang='lat' dir='ltr'><strong>eofioimns</strong></span> <span class='ocrx_word' id='word_1_79' title='bbox 717 2108 777 2169; x_wconf 89' lang='lat' dir='ltr'><strong>pro</strong></span> <span class='ocrx_word' id='word_1_80' title='bbox 796 2086 913 2169; x_wconf 91' lang='lat' dir='ltr'><strong>opibus</strong></span> <span class='ocrx_word' id='word_1_81' title='bbox 926 2093 1039 2150; x_wconf 87' lang='lat' dir='ltr'><strong>nostra</strong></span> <span class='ocrx_word' id='word_1_82' title='bbox 1052 2089 1189 2150; x_wconf 88' lang='lat' dir='ltr'><strong>moenia.</strong></span> 
     </span>
    </p>
   </div>
   <div class='ocr_carea' id='block_1_4' title="bbox 67 2223 743 2411">
    <p class='ocr_par' dir='ltr' id='par_1_11' title="bbox 67 2223 743 2411">
     <span class='ocr_line' id='line_1_17' title="bbox 514 2223 743 2304; baseline -0.009 -16"><span class='ocrx_word' id='word_1_83' title='bbox 514 2223 743 2304; x_wconf 58' lang='lat' dir='ltr'><strong>Sareptensis</strong></span> 
     </span>
     <span class='ocr_line' id='line_1_18' title="bbox 67 2330 732 2411; baseline 0.002 -17"><span class='ocrx_word' id='word_1_84' title='bbox 67 2333 134 2411; x_wconf 81' lang='lat' dir='ltr'><strong>Age</strong></span> <span class='ocrx_word' id='word_1_85' title='bbox 159 2331 223 2409; x_wconf 87' lang='lat' dir='ltr'><strong>dic,</strong></span> <span class='ocrx_word' id='word_1_86' title='bbox 245 2339 317 2395; x_wconf 90' lang='lat' dir='ltr'><strong>uter</strong></span> <span class='ocrx_word' id='word_1_87' title='bbox 339 2331 449 2396; x_wconf 86' lang='lat' dir='ltr'><strong>utrubi</strong></span> <span class='ocrx_word' id='word_1_88' title='bbox 474 2330 732 2396; x_wconf 83' lang='lat' dir='ltr'><strong>adcumbamns?</strong></span> 
     </span>
    </p>
   </div>
   <div class='ocr_carea' id='block_1_5' title="bbox 69 2468 1192 3213">
    <p class='ocr_par' dir='ltr' id='par_1_12' title="bbox 69 2468 1192 3213">
     <span class='ocr_line' id='line_1_19' title="bbox 550 2468 713 2533; baseline -0.006 0"><span class='ocrx_word' id='word_1_89' title='bbox 550 2468 713 2533; x_wconf 72' lang='lat' dir='ltr'><strong>Stichus</strong></span> 
     </span>
     <span class='ocr_line' id='line_1_20' title="bbox 635 2577 1192 2658; baseline 0.005 -16"><span class='ocrx_word' id='word_1_90' title='bbox 635 2649 637 2653; x_wconf 18' lang='grc' dir='ltr'>ι</span> <span class='ocrx_word' id='word_1_91' title='bbox 720 2577 781 2642; x_wconf 82' lang='lat' dir='ltr'><strong>Abi</strong></span> <span class='ocrx_word' id='word_1_92' title='bbox 805 2585 840 2640; x_wconf 92' lang='lat' dir='ltr'><strong>tu</strong></span> <span class='ocrx_word' id='word_1_93' title='bbox 863 2598 939 2640; x_wconf 84' lang='lat' dir='ltr'><strong>sane</strong></span> <span class='ocrx_word' id='word_1_94' title='bbox 963 2577 1122 2658; x_wconf 86' lang='lat' dir='ltr'><strong>superior.</strong></span> <span class='ocrx_word' id='word_1_95' title='bbox 1141 2593 1192 2644; x_wconf 83' lang='lat'><strong>695</strong></span> 
     </span>
     <span class='ocr_line' id='line_1_21' title="bbox 69 2685 1191 2770; baseline -0.001 -22"><span class='ocrx_word' id='word_1_96' title='bbox 69 2687 177 2770; x_wconf 85' lang='lat' dir='ltr'><strong>Atque</strong></span> <span class='ocrx_word' id='word_1_97' title='bbox 201 2686 283 2750; x_wconf 86' lang='lat' dir='ltr'><strong>adeo</strong></span> <span class='ocrx_word' id='word_1_98' title='bbox 305 2693 342 2750; x_wconf 94' lang='lat' dir='ltr'><strong>ut</strong></span> <span class='ocrx_word' id='word_1_99' title='bbox 365 2693 399 2751; x_wconf 91' lang='lat' dir='ltr'><strong>tu</strong></span> <span class='ocrx_word' id='word_1_100' title='bbox 424 2687 507 2750; x_wconf 87' lang='lat' dir='ltr'><strong>seire</strong></span> <span class='ocrx_word' id='word_1_101' title='bbox 526 2687 643 2768; x_wconf 85' lang='lat' dir='ltr'><strong>possis,</strong></span> <span class='ocrx_word' id='word_1_102' title='bbox 667 2688 761 2768; x_wconf 89' lang='lat' dir='ltr'><strong>paeto</strong></span> <span class='ocrx_word' id='word_1_103' title='bbox 781 2707 839 2768; x_wconf 83' lang='lat' dir='ltr'><strong>ego</strong></span> <span class='ocrx_word' id='word_1_104' title='bbox 857 2693 965 2750; x_wconf 86' lang='lat' dir='ltr'><strong>tecum</strong></span> <span class='ocrx_word' id='word_1_105' title='bbox 984 2685 1045 2748; x_wconf 87' lang='lat' dir='ltr'><strong>hoc</strong></span> <span class='ocrx_word' id='word_1_106' title='bbox 1063 2685 1191 2749; x_wconf 90' lang='lat' dir='ltr'><strong>diuido:</strong></span> 
     </span>
     <span class='ocr_line' id='line_1_22' title="bbox 70 2795 1190 2891; baseline 0 -36"><span class='ocrx_word' id='word_1_107' title='bbox 70 2795 164 2872; x_wconf 87' lang='lat' dir='ltr'><strong>Vide,</strong></span> <span class='ocrx_word' id='word_1_108' title='bbox 196 2795 385 2891; x_wconf 32' lang='lat' dir='ltr'><strong>utramntibi</strong></span> <span class='ocrx_word' id='word_1_109' title='bbox 410 2795 502 2857; x_wconf 85' lang='lat' dir='ltr'><strong>lubet</strong></span> <span class='ocrx_word' id='word_1_110' title='bbox 525 2800 624 2859; x_wconf 85' lang='lat' dir='ltr'><strong>etiam</strong></span> <span class='ocrx_word' id='word_1_111' title='bbox 649 2817 734 2858; x_wconf 88' lang='lat' dir='ltr'><strong>nunc</strong></span> <span class='ocrx_word' id='word_1_112' title='bbox 756 2815 888 2877; x_wconf 72' lang='lat' dir='ltr'><strong>capere,</strong></span> <span class='ocrx_word' id='word_1_113' title='bbox 923 2813 990 2856; x_wconf 83' lang='lat' dir='ltr'><strong>eum</strong></span> <span class='ocrx_word' id='word_1_114' title='bbox 1012 2814 1093 2876; x_wconf 84' lang='lat' dir='ltr'><strong>cape</strong></span> <span class='ocrx_word' id='word_1_115' title='bbox 1117 2815 1190 2875; x_wconf 90' lang='lat' dir='ltr'><strong>pro·</strong></span> 
     </span>
     <span class='ocr_line' id='line_1_23' title="bbox 785 2905 937 2966; baseline -0.007 0"><span class='ocrx_word' id='word_1_116' title='bbox 785 2905 937 2966; x_wconf 86' lang='lat' dir='ltr'><strong>uinuiarn.</strong></span> 
     </span>
     <span class='ocr_line' id='line_1_24' title="bbox 518 3009 822 3103; baseline -0.003 -16"><span class='ocrx_word' id='word_1_117' title='bbox 518 3023 744 3103; x_wconf 69' lang='lat' dir='ltr'><strong>Sanyarius</strong></span> <span class='ocrx_word' id='word_1_118' title='bbox 819 3009 822 3018; x_wconf 55' lang='grc'><em>’</em></span> 
     </span>
     <span class='ocr_line' id='line_1_25' title="bbox 70 3129 572 3213; baseline -0.002 -18"><span class='ocrx_word' id='word_1_119' title='bbox 70 3129 154 3206; x_wconf 87' lang='lat' dir='ltr'><strong>Quid</strong></span> <span class='ocrx_word' id='word_1_120' title='bbox 180 3133 266 3195; x_wconf 87' lang='lat' dir='ltr'><strong>istuc</strong></span> <span class='ocrx_word' id='word_1_121' title='bbox 290 3137 340 3194; x_wconf 87' lang='lat' dir='ltr'><strong>est</strong></span> <span class='ocrx_word' id='word_1_122' title='bbox 363 3132 572 3213; x_wconf 82' lang='lat' dir='ltr'><strong>prouinciae?</strong></span> 
     </span>
    </p>
   </div>
   <div class='ocr_carea' id='block_1_6' title="bbox 71 3267 1108 3568">
    <p class='ocr_par' dir='ltr' id='par_1_13' title="bbox 71 3267 1108 3568">
     <span class='ocr_line' id='line_1_26' title="bbox 551 3267 714 3332; baseline 0 0"><span class='ocrx_word' id='word_1_123' title='bbox 551 3267 714 3332; x_wconf 77' lang='lat' dir='ltr'><strong>Stichus</strong></span> 
     </span>
     <span class='ocr_line' id='line_1_27' title="bbox 623 3375 1108 3441; baseline -0.002 -1"><span class='ocrx_word' id='word_1_124' title='bbox 623 3376 739 3441; x_wconf 88' lang='lat' dir='ltr'><strong>Utrum</strong></span> <span class='ocrx_word' id='word_1_125' title='bbox 763 3375 901 3440; x_wconf 83' lang='lat' dir='ltr'><strong>Fontine</strong></span> <span class='ocrx_word' id='word_1_126' title='bbox 925 3396 967 3439; x_wconf 89' lang='lat' dir='ltr'><strong>an</strong></span> <span class='ocrx_word' id='word_1_127' title='bbox 990 3375 1108 3439; x_wconf 90' lang='lat' dir='ltr'><strong>Libero</strong></span> 
     </span>
     <span class='ocr_line' id='line_1_28' title="bbox 71 3483 611 3568; baseline 0.002 -22"><span class='ocrx_word' id='word_1_128' title='bbox 71 3483 235 3568; x_wconf 85' lang='lat' dir='ltr'><strong>inperium</strong></span> <span class='ocrx_word' id='word_1_129' title='bbox 257 3497 290 3549; x_wconf 87' lang='lat' dir='ltr'><strong>te</strong></span> <span class='ocrx_word' id='word_1_130' title='bbox 312 3485 460 3549; x_wconf 91' lang='lat' dir='ltr'><strong>inhibere</strong></span> <span class='ocrx_word' id='word_1_131' title='bbox 483 3487 611 3550; x_wconf 78' lang='lat' dir='ltr'><strong>mauis?</strong></span> 
     </span>
    </p>
   </div>
   <div class='ocr_carea' id='block_1_7' title="bbox 518 3623 1118 3812">
    <p class='ocr_par' dir='ltr' id='par_1_14' title="bbox 518 3623 1118 3812">
     <span class='ocr_line' id='line_1_29' title="bbox 518 3623 1118 3718; baseline -0.002 -32"><span class='ocrx_word' id='word_1_132' title='bbox 518 3623 740 3702; x_wconf 73' lang='lat' dir='ltr'><strong>Ssuperior</strong></span> <span class='ocrx_word' id='word_1_133' title='bbox 1115 3711 1118 3718; x_wconf 91' lang='lat'>.</span> 
     </span>
     <span class='ocr_line' id='line_1_30' title="bbox 652 3728 1062 3812; baseline 0.002 -20"><span class='ocrx_word' id='word_1_134' title='bbox 652 3729 761 3793; x_wconf 91' lang='lat' dir='ltr'><strong>Nimio</strong></span> <span class='ocrx_word' id='word_1_135' title='bbox 783 3729 910 3812; x_wconf 88' lang='lat' dir='ltr'><strong>liquido</strong></span> <span class='ocrx_word' id='word_1_136' title='bbox 934 3728 1062 3793; x_wconf 91' lang='lat' dir='ltr'><strong>Libero.</strong></span> 
     </span>
    </p>
   </div>
   <div class='ocr_carea' id='block_1_8' title="bbox 81 3851 272 3860">
    <p class='ocr_par' dir='ltr' id='par_1_15' title="bbox 81 3851 272 3860">
     <span class='ocr_line' id='line_1_31' title="bbox 81 3851 272 3860; baseline 0.01 -2"><span class='ocrx_word' id='word_1_137' title='bbox 81 3851 272 3860; x_wconf 73' lang='lat'><strong>---—</strong></span> 
     </span>
    </p>
   </div>
   <div class='ocr_carea' id='block_1_9' title="bbox 73 3934 1191 4432">
    <p class='ocr_par' dir='ltr' id='par_1_16' title="bbox 73 3934 1191 4432">
     <span class='ocr_line' id='line_1_32' title="bbox 153 3934 1111 4002; baseline -0.004 -12"><span class='ocrx_word' id='word_1_138' title='bbox 153 3937 206 3990; x_wconf 84' lang='grc'><strong>686</strong></span> <span class='ocrx_word' id='word_1_139' title='bbox 223 3936 318 3989; x_wconf 88' lang='lat' dir='ltr'><strong>ueniet</strong></span> <span class='ocrx_word' id='word_1_140' title='bbox 336 3950 385 3988; x_wconf 82' lang='lat' dir='ltr'><strong>orn.</strong></span> <span class='ocrx_word' id='word_1_141' title='bbox 463 3936 514 3988; x_wconf 78' lang='grc'><strong>667</strong></span> <span class='ocrx_word' id='word_1_142' title='bbox 531 3934 615 3988; x_wconf 90' lang='lat' dir='ltr'><strong>hodie</strong></span> <span class='ocrx_word' id='word_1_143' title='bbox 633 3934 787 4002; x_wconf 83' lang='lat' dir='ltr'><strong>poileotura</strong></span> <span class='ocrx_word' id='word_1_144' title='bbox 805 3937 917 4001; x_wconf 89' lang='lat' dir='ltr'><strong>praeter</strong></span> <span class='ocrx_word' id='word_1_145' title='bbox 934 3950 985 3987; x_wconf 81' lang='lat' dir='ltr'><strong>noa</strong></span> <span class='ocrx_word' id='word_1_146' title='bbox 1002 3934 1111 3987; x_wconf 79' lang='lat' dir='ltr'><strong>iactura</strong></span> 
     </span>
     <span class='ocr_line' id='line_1_33' title="bbox 73 4019 1189 4089; baseline 0 -17"><span class='ocrx_word' id='word_1_147' title='bbox 73 4023 173 4074; x_wconf 79' lang='lat' dir='ltr'><strong>nemini</strong></span> <span class='ocrx_word' id='word_1_148' title='bbox 192 4020 344 4075; x_wconf 80' lang='lat' dir='ltr'><strong>‹iabiturO</strong></span> <span class='ocrx_word' id='word_1_149' title='bbox 400 4022 451 4074; x_wconf 85' lang='grc'><strong>668</strong></span> <span class='ocrx_word' id='word_1_150' title='bbox 469 4022 656 4089; x_wconf 87' lang='lat' dir='ltr'><strong>monotrophe</strong></span> <span class='ocrx_word' id='word_1_151' title='bbox 712 4023 759 4073; x_wconf 88' lang='grc'><strong>691</strong></span> <span class='ocrx_word' id='word_1_152' title='bbox 781 4019 830 4073; x_wconf 84' lang='lat' dir='ltr'><strong>Sat</strong></span> <span class='ocrx_word' id='word_1_153' title='bbox 849 4027 892 4072; x_wconf 84' lang='lat' dir='ltr'><strong>est</strong></span> <span class='ocrx_word' id='word_1_154' title='bbox 945 4020 1072 4073; x_wconf 84' lang='lat' dir='ltr'><strong>modeste</strong></span> <span class='ocrx_word' id='word_1_155' title='bbox 1091 4021 1189 4073; x_wconf 84' lang='lat' dir='ltr'><strong>melius</strong></span> 
     </span>
     <span class='ocr_line' id='line_1_34' title="bbox 73 4104 1190 4175; baseline 0 -18"><span class='ocrx_word' id='word_1_156' title='bbox 73 4109 160 4161; x_wconf 81' lang='lat' dir='ltr'><strong>faeere</strong></span> <span class='ocrx_word' id='word_1_157' title='bbox 237 4108 288 4162; x_wconf 79' lang='lat'><strong>692</strong></span> <span class='ocrx_word' id='word_1_158' title='bbox 307 4106 420 4175; x_wconf 83' lang='lat' dir='ltr'><strong>scaphio</strong></span> <span class='ocrx_word' id='word_1_159' title='bbox 438 4113 467 4159; x_wconf 87' lang='lat' dir='ltr'><strong>et</strong></span> <span class='ocrx_word' id='word_1_160' title='bbox 484 4107 518 4172; x_wconf 82' lang='lat' dir='ltr'><strong>A,</strong></span> <span class='ocrx_word' id='word_1_161' title='bbox 538 4107 636 4174; x_wconf 88' lang='lat' dir='ltr'><strong>eaphio</strong></span> <span class='ocrx_word' id='word_1_162' title='bbox 655 4112 682 4158; x_wconf 80' lang='lat' dir='ltr'><strong>et</strong></span> <span class='ocrx_word' id='word_1_163' title='bbox 701 4105 753 4160; x_wconf 81' lang='lat' dir='ltr'><strong>BC</strong></span> <span class='ocrx_word' id='word_1_164' title='bbox 832 4105 882 4158; x_wconf 86' lang='grc'><strong>699</strong></span> <span class='ocrx_word' id='word_1_165' title='bbox 902 4104 1043 4159; x_wconf 81' lang='lat' dir='ltr'><strong>Ratioobis</strong></span> <span class='ocrx_word' id='word_1_166' title='bbox 1064 4104 1124 4170; x_wconf 87' lang='lat' dir='ltr'><strong>AB,</strong></span> <span class='ocrx_word' id='word_1_167' title='bbox 1143 4105 1190 4157; x_wconf 82' lang='lat' dir='ltr'><strong>ba·</strong></span> 
     </span>
     <span class='ocr_line' id='line_1_35' title="bbox 73 4191 1188 4258; baseline 0.002 -16"><span class='ocrx_word' id='word_1_168' title='bbox 73 4193 197 4247; x_wconf 79' lang='lat' dir='ltr'><strong>tiobisO</strong></span> <span class='ocrx_word' id='word_1_169' title='bbox 251 4193 331 4245; x_wconf 90' lang='lat' dir='ltr'><strong>uiunt</strong></span> <span class='ocrx_word' id='word_1_170' title='bbox 349 4192 383 4258; x_wconf 73' lang='lat' dir='ltr'><strong>A,</strong></span> <span class='ocrx_word' id='word_1_171' title='bbox 402 4193 496 4246; x_wconf 85' lang='lat' dir='ltr'><strong>bibam</strong></span> <span class='ocrx_word' id='word_1_172' title='bbox 517 4191 543 4244; x_wconf 94' lang='lat' dir='ltr'><em>B</em></span> <span class='ocrx_word' id='word_1_173' title='bbox 601 4193 634 4244; x_wconf 85' lang='lat' dir='ltr'><strong>ad</strong></span> <span class='ocrx_word' id='word_1_174' title='bbox 692 4195 743 4245; x_wconf 88' lang='grc'><strong>694</strong></span> <span class='ocrx_word' id='word_1_175' title='bbox 761 4192 866 4244; x_wconf 88' lang='lat' dir='ltr'><strong>Tamen</strong></span> <span class='ocrx_word' id='word_1_176' title='bbox 884 4192 1005 4244; x_wconf 84' lang='lat' dir='ltr'><strong>uiuimus</strong></span> <span class='ocrx_word' id='word_1_177' title='bbox 1024 4208 1075 4244; x_wconf 84' lang='lat' dir='ltr'><strong>nos</strong></span> <span class='ocrx_word' id='word_1_178' title='bbox 1095 4199 1188 4244; x_wconf 78' lang='lat' dir='ltr'><strong>tomen</strong></span> 
     </span>
     <span class='ocr_line' id='line_1_36' title="bbox 73 4276 1191 4333; baseline 0.001 -5"><span class='ocrx_word' id='word_1_179' title='bbox 73 4279 119 4331; x_wconf 78' lang='grc'><strong>696</strong></span> <span class='ocrx_word' id='word_1_180' title='bbox 137 4280 234 4333; x_wconf 81' lang='lat' dir='ltr'><strong>Amica</strong></span> <span class='ocrx_word' id='word_1_181' title='bbox 252 4285 316 4330; x_wconf 88' lang='lat' dir='ltr'><strong>nter</strong></span> <span class='ocrx_word' id='word_1_182' title='bbox 371 4279 526 4332; x_wconf 80' lang='lat' dir='ltr'><strong>obiitusane</strong></span> <span class='ocrx_word' id='word_1_183' title='bbox 544 4277 571 4330; x_wconf 94' lang='grc' dir='ltr'>Β</span> <span class='ocrx_word' id='word_1_184' title='bbox 619 4279 669 4331; x_wconf 89' lang='grc'><strong>696</strong></span> <span class='ocrx_word' id='word_1_185' title='bbox 688 4277 791 4331; x_wconf 85' lang='lat' dir='ltr'><strong>uituG&#39;</strong></span> <span class='ocrx_word' id='word_1_186' title='bbox 839 4276 914 4330; x_wconf 80' lang='lat' dir='ltr'><strong>facto</strong></span> <span class='ocrx_word' id='word_1_187' title='bbox 967 4277 1020 4329; x_wconf 83' lang='lat' dir='ltr'><strong>hoo</strong></span> <span class='ocrx_word' id='word_1_188' title='bbox 1039 4283 1129 4329; x_wconf 84' lang='lat' dir='ltr'><strong>tecum</strong></span> <span class='ocrx_word' id='word_1_189' title='bbox 1140 4277 1191 4329; x_wconf 78' lang='lat' dir='ltr'><strong>AC</strong></span> 
     </span>
     <span class='ocr_line' id='line_1_37' title="bbox 73 4362 781 4432; baseline 0.003 -19"><span class='ocrx_word' id='word_1_190' title='bbox 73 4365 218 4432; x_wconf 68' lang='lat' dir='ltr'><strong>btieapere</strong></span> <span class='ocrx_word' id='word_1_191' title='bbox 237 4381 305 4432; x_wconf 78' lang='lat' dir='ltr'><strong>cape</strong></span> <span class='ocrx_word' id='word_1_192' title='bbox 319 4362 374 4430; x_wconf 83' lang='lat' dir='ltr'><strong>Bc,</strong></span> <span class='ocrx_word' id='word_1_193' title='bbox 394 4380 492 4432; x_wconf 85' lang='lat' dir='ltr'><strong>capere</strong></span> <span class='ocrx_word' id='word_1_194' title='bbox 511 4365 538 4416; x_wconf 77' lang='lat' dir='ltr'><strong><em>A</em></strong></span> <span class='ocrx_word' id='word_1_195' title='bbox 606 4365 658 4418; x_wconf 86' lang='grc'><strong>698</strong></span> <span class='ocrx_word' id='word_1_196' title='bbox 676 4363 781 4416; x_wconf 77' lang='lat' dir='ltr'><strong>fontale</strong></span> 
     </span>
    </p>
   </div>
   <div class='ocr_carea' id='block_1_10' title="bbox 171 4470 960 4522">
    <p class='ocr_par' dir='ltr' id='par_1_17' title="bbox 171 4470 960 4522">
     <span class='ocr_line' id='line_1_38' title="bbox 171 4470 960 4522; baseline 0 0"><span class='ocrx_word' id='word_1_197' title='bbox 171 4470 200 4514; x_wconf 79' lang='lat' dir='ltr'><strong>v·</strong></span> <span class='ocrx_word' id='word_1_198' title='bbox 742 4480 745 4488; x_wconf 89' lang='lat'>&#39;</span> <span class='ocrx_word' id='word_1_199' title='bbox 930 4472 960 4522; x_wconf 91' lang='grc'><strong>16</strong></span> 
     </span>
    </p>
   </div>
   <div class='ocr_carea' id='block_1_11' title="bbox 0 0 1460 4996">
    <p class='ocr_par' dir='ltr' id='par_1_18' title="bbox 0 0 1460 4996">
     <span class='ocr_line' id='line_1_39' title="bbox 0 0 1460 4996; baseline 0 0"><span class='ocrx_word' id='word_1_200' title='bbox 0 0 1460 4996; x_wconf 95' lang='lat' dir='ltr'><strong> </strong></span> 
     </span>
    </p>
   </div>
  </div>
 </body>
</html>
