3002 5000
89 529 113 595 1,
135 530 161 592 3,
181 529 285 594 *it-11,
306 533 327 596 1,
346 531 363 582 2
608 530 699 586 Perea.

572 722 736 787 Toxilus

781 831 824 895 Et
846 837 882 896 tu
904 839 1035 913 gnatam
1060 842 1150 900 tuam

88 937 250 1001 Ornatam
274 936 400 1001 adduae
423 935 530 1018 lepide
554 938 587 1001 in
611 941 817 1022 peregrinum
840 940 981 1006 modum.

571 1090 733 1168 Saturio

85 1190 201 1259 Πόθεν
224 1200 439 1264 ornamenta?

571 1332 738 1397 Toxilus
803 1329 808 1340 '

491 1441 558 1505 Abs
583 1441 724 1523 chorago
749 1444 879 1507 sumito.

85 1549 178 1613 Dare
202 1549 317 1628 dobet;
341 1549 530 1640 praebenda
544 1549 673 1614 aediles
696 1551 895 1617 locauerunt.

569 1702 734 1768 Saturio

84 1813 160 1877 Iam
183 1812 335 1904 faxo-hio
356 1812 505 1876 aderunt.
550 1811 612 1876 Sed
638 1833 697 1894 ego
720 1813 801 1878 nihil
824 1816 949 1880 horunc
971 1817 1047 1880 eoio.

571 1967 737 2032 Toxilus

82 2073 178 2139 Nihil
202 2074 312 2139 hercle
336 2095 434 2153 uer03,
452 2097 527 2138 nam
550 2075 605 2139 ubi
630 2097 689 2159 ego
712 2083 882 2159 argentum
907 2098 1074 2161 accepero,

81 2183 253 2248 Continuo
276 2190 312 2253 tu
334 2183 426 2248 illam
449 2204 469 2246 a
492 2184 606 2249 lenone
627 2185 772 2249 adserito
796 2207 901 2250 manu.

571 2339 736 2404 Saturio

84 2444 159 2510 Sibi
183 2444 315 2525 habeat,
337 2449 364 2512 ei
386 2449 638 2531 non-extemplo
662 2448 703 2512 ab
728 2469 766 2513 eo
789 2449 968 2514 obduxero.
1166 2465 1213 2517 166

570 2602 736 2667 Toxilus

84 2709 149 2774 Abi
173 2717 209 2773 et
230 2711 315 2773 istuc
339 2729 428 2772 eura.
476 2707 611 2774 Interibi
635 2732 693 2794 ogo
717 2732 855 2794 puerum
879 2710 956 2775 uolo

83 2819 222 2883 Mittere
245 2818 286 2884 ad
311 2819 450 2882 amicam
475 2839 589 2898 meam,
613 2827 649 2883 ut
672 2819 794 2883 habeat
816 2821 959 2882 animum
981 2818 1111 2893 bonum,

83 2927 139 2991 Me
163 2947 238 2992 esse
261 2925 452 2992 effecturum
475 2927 531 2991 hoo
553 2927 658 2992 hodie.
702 2926 806 2992 Nimis
829 2928 960 3010 longum
983 2927 1110 3011 loquor.

459 3465 839 3532 SOPHOCLIDISOA.

85 3657 175 3723 Satis
197 3659 259 3724 fuit
280 3659 439 3737 indoctae,
461 3662 642 3738 immemori,
666 3661 833 3743 insipienti
858 3661 967 3724 dioere
989 3657 1126 3740 totiene3

84 3765 195 3830 Nimis
213 3769 345 3833 tandem
362 3790 413 3832 me
431 3769 562 3852 quidem
583 3790 641 3851 pro
660 3769 765 3834 barda
782 3775 816 3833 et
827 3789 887 3851 pro
899 3769 1024 3832 rustica
1035 3789 1110 3832 reor
1122 3767 1213 3833 habi-

88 3883 90 3886 ’
308 3881 310 3886 ’
803 3883 872 3940 tam
895 3897 968 3941 esse
991 3875 1052 3941 ebe
1074 3883 1117 3941 te.
1165 3896 1214 3947 170

88 3997 292 4005 .-...——-———

178 4083 225 4135 166
242 4089 317 4136 tuem
337 4088 450 4150 gnatam
470 4087 563 4136 tamen
652 4085 701 4135 169
724 4080 888 4149 peregrinus
907 4081 933 4134 Β
1020 4081 1069 4134 160
1087 4081 1210 4136 uaflnor·

88 4172 226 4218 namonta
242 4166 278 4233 B,
298 4181 358 4221 noe
378 4173 542 4221 ornamenta
562 4168 585 4222 0
667 4167 774 4232 horago
793 4166 820 4221 Β
912 4167 960 4220 162
977 4165 1085 4219 horunc
1104 4165 1173 4220 nihil
1194 4166 1216 4220 0

92 4254 140 4305 163
160 4252 284 4320 accipere
305 4253 328 4308 0
413 4255 461 4308 164
479 4253 578 4306 alenon
668 4254 717 4306 166
734 4252 802 4306 haat
819 4252 846 4306 Β
933 4253 981 4305 166
1004 4268 1098 4304 euram
1115 4251 1213 4305 metibi

92 4339 140 4389 167
158 4345 263 4391 metere
283 4339 306 4393 0
376 4355 482 4394 amcam
502 4355 574 4392 mam
593 4338 621 4391 Β
692 4339 740 4391 168
757 4338 812 4392 hoo
830 4354 880 4393 om.
957 4336 1058 4405 loquor
1076 4335 1213 4405 sophocli-

91 4421 171 4478 dioce
190 4420 216 4474 B
285 4425 333 4480 169
350 4424 466 4479 indotao
534 4423 643 4478 inflenti
661 4423 689 4476 Β

981 4531 997 4584 2
