2890 5004
48 488 96 554 ΠΙ,
115 491 140 556 2,
161 491 246 544 7-20
518 487 715 542 Truculentue.

49 763 134 840 Quid
158 767 235 829 uis.)
490 677 735 760 Astaphium

496 871 723 954 Stratyllax

286 979 349 1058 Qui
371 980 391 1062 'y
415 986 504 1046 tuam
528 986 683 1064 expector
706 978 930 1044 esculentiam.

490 1100 731 1184 Astaphium

48 1211 142 1274 Dicin
165 1210 255 1274 clare
280 1210 368 1286 mihi,
392 1209 469 1291 quid
493 1208 555 1274 tibi
580 1216 613 1272 et
635 1229 700 1290 quo
723 1209 774 1272 uis
797 1208 917 1272 modo?

488 1327 719 1412 Stratyllax

46 1439 157 1504 Nouos
180 1440 284 1505 omnis
308 1459 415 1502 mores
437 1437 553 1514 habeo,
577 1443 707 1501 ueteres
731 1436 868 1520 perdidi.

47 1549 104 1613 Uel
128 1561 241 1614 amare
264 1569 397 1632 possum
421 1546 474 1612 uel
497 1547 563 1610 iam
587 1554 731 1612 scortum
754 1546 883 1610 ducere.

485 1667 729 1750 Astaphium

49 1777 170 1859 Lepide
194 1784 355 1842 mecastor
377 1777 519 1842 nuntias.
565 1775 628 1841 Sed
653 1775 704 1840 dic
727 1775 806 1840 mihi

48 1883 161 1980 Haben
185 1891 223 1949 tu
245 1921 287 1930 -
712 1877 723 1900 '

494 1991 722 2074 Stratyllax

316 2101 460 2166 Pretium
483 2107 516 2166 te
538 2101 680 2165 fortasse
704 2100 821 2164 dicere.

487 2221 730 2305 Astaphium

49 2331 241 2396 Intellexisti
263 2330 381 2414 lepide,
404 2330 484 2412 quid
507 2351 567 2412 ege
590 2330 740 2394 dicerem.

494 2449 724 2535 Stratyllax

51 2558 134 2624 Heus
156 2565 205 2638 tu,
227 2560 293 2623 iam
316 2566 491 2644 postquam
505 2545 547 2624 'in
570 2559 683 2623 urbem
707 2557 822 2623 crebro
845 2579 1001 2632 commeo,

50 2668 148 2733 Dieax
171 2688 243 2733 sum
265 2666 389 2748 lactum
412 2669 479 2732 iam
502 2690 573 2732 aum
596 2666 745 2733 caulatcr
767 2667 898 2748 probus.

488 2788 729 2871 Astaphium

51 2897 131 2972 Quid
154 2898 189 2960 id
212 2903 274 2974 est,
297 2895 436 2961 amabo?
480 2897 589 2962 Istaec
611 2895 802 2961 ridicularia

52 3004 281 3070 Cauillationes
302 3006 362 3080 uis,
386 3006 511 3088 opinor,
536 3005 666 3070 dicere?

494 3125 723 3209 Stratyllax

50 3233 111 3313 lta;
133 3234 217 3298 illud
240 3233 419 3316 pauxillum
442 3233 551 3298 differt
573 3256 593 3298 a
615 3231 771 3298 caulibus.

484 3353 728 3438 Astaphium

53 3459 190 3545 Sequere
212 3463 310 3541 intro,
335 3462 463 3542 amabe,
486 3485 560 3528 mea
582 3462 747 3545 uoluptas.

490 3582 722 3666 Stratyllax

792 3690 879 3755 Tene
901 3690 978 3768 tibi;

55 3797 217 3865 Rabonem
239 3799 369 3879 habeto,
394 3806 430 3863 ut
453 3821 578 3864 mecum
602 3799 685 3863 hauc
709 3806 838 3864 noctem
860 3800 934 3863 sice.

56 3953 86 3960 ·-

129 4039 180 4091 666
198 4038 251 4092 Die
270 4037 392 4106 incipere
408 4038 477 4092 mihi
530 4041 582 4092 668
600 4039 701 4091 uellam
756 4039 848 4092 dicere
864 4038 891 4092 B
942 4040 992 4090 669
1011 4037 1171 4092 Nunrian

56 4123 100 4173 670
116 4123 227 4176 Habent
245 4123 401 4191 parasitum
420 4131 448 4177 et
465 4123 585 4178 lortacee
689 4127 740 4176 672
758 4125 891 4179 remobeo
910 4125 943 4192 Β,
963 4141 1128 4177 commoneo
1149 4125 1171 4178 0

56 4207 99 4259 673
116 4209 165 4262 Hic
184 4219 253 4263 axau
270 4209 364 4277 (axum
383 4209 415 4278 C)
433 4210 537 4264 factum
607 4208 756 4263 cauillator
825 4213 875 4262 675
894 4211 951 4262 eaie
969 4209 997 4262 B
1066 4211 1117 4263 676
1136 4219 1168 4263 ut

117 4296 261 4349 cauillibur
338 4297 389 4350 677
406 4297 481 4351 intro
500 4313 544 4348 me
563 4295 662 4348 amabo
747 4297 863 4364 uolupta
881 4297 904 4348 si
921 4295 958 4357 B,
977 4297 1120 4364 uoluptaet
1140 4297 1162 4350 0

118 4389 177 4435 tene
196 4381 250 4434 hoc
268 4382 318 4434 tibi
388 4383 439 4436 676
458 4399 474 4434 a
492 4389 575 4435 nocte
593 4381 626 4446 Β,
646 4381 805 4436 aenccteO
1110 4367 1121 4397 ⁸

124 4487 151 4532 7.
930 4491 963 4542 25
