<?xml version="1.0" encoding="UTF-8"?>
<!DOCTYPE html PUBLIC "-//W3C//DTD XHTML 1.0 Transitional//EN"
    "http://www.w3.org/TR/xhtml1/DTD/xhtml1-transitional.dtd">
<html xmlns="http://www.w3.org/1999/xhtml" xml:lang="en" lang="en">
 <head>
  <title>
</title>
<meta http-equiv="Content-Type" content="text/html;charset=utf-8" />
  <meta name='ocr-system' content='tesseract 3.04.00' />
  <meta name='ocr-capabilities' content='ocr_page ocr_carea ocr_par ocr_line ocrx_word'/>
</head>
<body>
  <div class='ocr_page' id='page_1' title='image "./tmacciiplautico04ussigoog_0072.png"; bbox 0 0 3002 5000; ppageno 0'>
   <div class='ocr_carea' id='block_1_1' title="bbox 100 469 707 540">
    <p class='ocr_par' dir='ltr' id='par_1_1' title="bbox 100 469 707 540">
     <span class='ocr_line' id='line_1_1' title="bbox 100 469 707 540; baseline -0.003 -14"><span class='ocrx_word' id='word_1_1' title='bbox 100 471 144 540; x_wconf 82' lang='lat' dir='ltr'><strong>IV,</strong></span> <span class='ocrx_word' id='word_1_2' title='bbox 164 475 188 536; x_wconf 78' lang='lat'><strong>5,</strong></span> <span class='ocrx_word' id='word_1_3' title='bbox 209 474 293 526; x_wconf 85' lang='lat'>1-10</span> <span class='ocrx_word' id='word_1_4' title='bbox 616 469 707 525; x_wconf 71' lang='lat' dir='ltr'><strong>Perae.</strong></span> 
     </span>
    </p>
   </div>
   <div class='ocr_carea' id='block_1_2' title="bbox 290 761 1025 832">
    <p class='ocr_par' dir='ltr' id='par_1_2' title="bbox 290 761 1025 832">
     <span class='ocr_line' id='line_1_2' title="bbox 290 761 1025 832; baseline -0.004 -3"><span class='ocrx_word' id='word_1_5' title='bbox 290 764 495 832; x_wconf 72' lang='lat' dir='ltr'><em>Toxavs</em></span> <span class='ocrx_word' id='word_1_6' title='bbox 543 762 691 830; x_wconf 82' lang='lat' dir='ltr'><em>UIRGO</em></span> <span class='ocrx_word' id='word_1_7' title='bbox 735 761 1025 830; x_wconf 74' lang='lat' dir='ltr'><strong><em>SAGARISTIO.</em></strong></span> 
     </span>
    </p>
   </div>
   <div class='ocr_carea' id='block_1_3' title="bbox 100 970 1223 1272">
    <p class='ocr_par' dir='ltr' id='par_1_3' title="bbox 100 970 1223 1272">
     <span class='ocr_line' id='line_1_3' title="bbox 578 970 746 1035; baseline 0.012 -2"><span class='ocrx_word' id='word_1_8' title='bbox 578 970 746 1035; x_wconf 77' lang='lat' dir='ltr'><strong>Toxilus</strong></span> 
     </span>
     <span class='ocr_line' id='line_1_4' title="bbox 100 1076 1223 1163; baseline 0.006 -21"><span class='ocrx_word' id='word_1_9' title='bbox 100 1077 225 1162; x_wconf 84' lang='lat' dir='ltr'>Edepol</span> <span class='ocrx_word' id='word_1_10' title='bbox 248 1077 379 1159; x_wconf 88' lang='lat' dir='ltr'><strong>dedisti,</strong></span> <span class='ocrx_word' id='word_1_11' title='bbox 403 1080 506 1163; x_wconf 78' lang='lat' dir='ltr'><strong>uirgo,</strong></span> <span class='ocrx_word' id='word_1_12' title='bbox 528 1099 660 1163; x_wconf 84' lang='lat' dir='ltr'><strong>operam</strong></span> <span class='ocrx_word' id='word_1_13' title='bbox 684 1076 936 1159; x_wconf 70' lang='lat' dir='ltr'><strong>adlaudabilem‚</strong></span> <span class='ocrx_word' id='word_1_14' title='bbox 1170 1095 1223 1149; x_wconf 80' lang='lat'><strong>670</strong></span> 
     </span>
     <span class='ocr_line' id='line_1_5' title="bbox 100 1185 732 1272; baseline -0.005 -21"><span class='ocrx_word' id='word_1_15' title='bbox 100 1185 240 1252; x_wconf 71' lang='lat' dir='ltr'>Probum</span> <span class='ocrx_word' id='word_1_16' title='bbox 263 1192 296 1252; x_wconf 88' lang='lat' dir='ltr'><strong>et</strong></span> <span class='ocrx_word' id='word_1_17' title='bbox 318 1188 501 1272; x_wconf 80' lang='lat' dir='ltr'><strong>sapientem</strong></span> <span class='ocrx_word' id='word_1_18' title='bbox 524 1193 558 1252; x_wconf 92' lang='lat' dir='ltr'><strong>et</strong></span> <span class='ocrx_word' id='word_1_19' title='bbox 580 1186 732 1253; x_wconf 81' lang='lat' dir='ltr'><strong>sobriam.</strong></span> 
     </span>
    </p>
   </div>
   <div class='ocr_carea' id='block_1_4' title="bbox 99 1340 1047 1641">
    <p class='ocr_par' dir='ltr' id='par_1_4' title="bbox 99 1340 1047 1641">
     <span class='ocr_line' id='line_1_6' title="bbox 598 1340 719 1424; baseline -0.017 -16"><span class='ocrx_word' id='word_1_20' title='bbox 598 1340 630 1408; x_wconf 87' lang='lat' dir='ltr'><em>U</em></span> <span class='ocrx_word' id='word_1_21' title='bbox 634 1343 719 1424; x_wconf 75' lang='lat' dir='ltr'><strong>irqo</strong></span> 
     </span>
     <span class='ocr_line' id='line_1_7' title="bbox 796 1448 1047 1532; baseline -0.004 -18"><span class='ocrx_word' id='word_1_22' title='bbox 796 1448 829 1514; x_wconf 87' lang='lat' dir='ltr'><strong>Si</strong></span> <span class='ocrx_word' id='word_1_23' title='bbox 852 1448 930 1532; x_wconf 87' lang='lat' dir='ltr'><strong>quid</strong></span> <span class='ocrx_word' id='word_1_24' title='bbox 952 1449 1047 1514; x_wconf 85' lang='lat' dir='ltr'><strong>bonis</strong></span> 
     </span>
     <span class='ocr_line' id='line_1_8' title="bbox 99 1556 959 1641; baseline 0.001 -21"><span class='ocrx_word' id='word_1_25' title='bbox 99 1556 181 1623; x_wconf 85' lang='lat' dir='ltr'><strong>Boni</strong></span> <span class='ocrx_word' id='word_1_26' title='bbox 205 1556 252 1638; x_wconf 88' lang='lat' dir='ltr'><strong>fit,</strong></span> <span class='ocrx_word' id='word_1_27' title='bbox 274 1577 347 1624; x_wconf 80' lang='lat' dir='ltr'><strong>esse</strong></span> <span class='ocrx_word' id='word_1_28' title='bbox 370 1559 456 1624; x_wconf 91' lang='lat' dir='ltr'><strong>idem</strong></span> <span class='ocrx_word' id='word_1_29' title='bbox 480 1565 513 1624; x_wconf 91' lang='lat' dir='ltr'><strong>et</strong></span> <span class='ocrx_word' id='word_1_30' title='bbox 536 1578 635 1641; x_wconf 79' lang='lat' dir='ltr'><strong>graue</strong></span> <span class='ocrx_word' id='word_1_31' title='bbox 659 1565 692 1622; x_wconf 90' lang='lat' dir='ltr'><strong>et</strong></span> <span class='ocrx_word' id='word_1_32' title='bbox 714 1563 843 1641; x_wconf 80' lang='lat' dir='ltr'><strong>gratum</strong></span> <span class='ocrx_word' id='word_1_33' title='bbox 866 1558 959 1622; x_wconf 79' lang='lat' dir='ltr'><strong>solet.</strong></span> 
     </span>
    </p>
   </div>
   <div class='ocr_carea' id='block_1_5' title="bbox 100 1713 1037 2014">
    <p class='ocr_par' dir='ltr' id='par_1_5' title="bbox 100 1713 1037 2014">
     <span class='ocr_line' id='line_1_9' title="bbox 579 1713 745 1778; baseline 0.006 -2"><span class='ocrx_word' id='word_1_34' title='bbox 579 1713 745 1778; x_wconf 76' lang='lat' dir='ltr'><strong>Toxilus</strong></span> 
     </span>
     <span class='ocr_line' id='line_1_10' title="bbox 100 1819 1037 1906; baseline 0.002 -22"><span class='ocrx_word' id='word_1_35' title='bbox 100 1821 208 1886; x_wconf 83' lang='lat' dir='ltr'><strong>Audin</strong></span> <span class='ocrx_word' id='word_1_36' title='bbox 230 1826 278 1899; x_wconf 88' lang='lat' dir='ltr'><strong>tu,</strong></span> <span class='ocrx_word' id='word_1_37' title='bbox 300 1819 410 1901; x_wconf 80' lang='lat' dir='ltr'><strong>Persa,</strong></span> <span class='ocrx_word' id='word_1_38' title='bbox 435 1821 493 1886; x_wconf 92' lang='lat' dir='ltr'><strong>ubi</strong></span> <span class='ocrx_word' id='word_1_39' title='bbox 514 1827 687 1904; x_wconf 77' lang='lat' dir='ltr'><strong>argentum</strong></span> <span class='ocrx_word' id='word_1_40' title='bbox 710 1821 752 1886; x_wconf 82' lang='lat' dir='ltr'><strong>ab</strong></span> <span class='ocrx_word' id='word_1_41' title='bbox 775 1820 837 1888; x_wconf 83' lang='lat' dir='ltr'><strong>hoe</strong></span> <span class='ocrx_word' id='word_1_42' title='bbox 860 1820 1037 1906; x_wconf 81' lang='lat' dir='ltr'><strong>acceperis,</strong></span> 
     </span>
     <span class='ocr_line' id='line_1_11' title="bbox 101 1927 848 2014; baseline 0.003 -22"><span class='ocrx_word' id='word_1_43' title='bbox 101 1927 272 2008; x_wconf 75' lang='lat' dir='ltr'><strong>Simulato,</strong></span> <span class='ocrx_word' id='word_1_44' title='bbox 296 1930 390 2014; x_wconf 76' lang='lat' dir='ltr'><strong>quasi</strong></span> <span class='ocrx_word' id='word_1_45' title='bbox 413 1951 469 1996; x_wconf 81' lang='lat' dir='ltr'><strong>ees</strong></span> <span class='ocrx_word' id='word_1_46' title='bbox 492 1950 643 2014; x_wconf 79' lang='lat' dir='ltr'><strong>prorsum</strong></span> <span class='ocrx_word' id='word_1_47' title='bbox 664 1931 697 1994; x_wconf 89' lang='lat' dir='ltr'><strong>in</strong></span> <span class='ocrx_word' id='word_1_48' title='bbox 721 1951 848 1996; x_wconf 85' lang='lat' dir='ltr'><strong>nauem.</strong></span> 
     </span>
    </p>
   </div>
   <div class='ocr_carea' id='block_1_6' title="bbox 548 2083 1053 2389">
    <p class='ocr_par' dir='ltr' id='par_1_6' title="bbox 548 2083 1053 2389">
     <span class='ocr_line' id='line_1_12' title="bbox 548 2083 778 2168; baseline -0.009 -18"><span class='ocrx_word' id='word_1_49' title='bbox 548 2083 778 2168; x_wconf 73' lang='lat' dir='ltr'><strong>Saporistio</strong></span> 
     </span>
     <span class='ocr_line' id='line_1_13' title="bbox 889 2191 1053 2258; baseline 0 -2"><span class='ocrx_word' id='word_1_50' title='bbox 889 2191 939 2258; x_wconf 87' lang='lat' dir='ltr'><strong>Ne</strong></span> <span class='ocrx_word' id='word_1_51' title='bbox 962 2191 1053 2258; x_wconf 86' lang='lat' dir='ltr'><strong>doce.</strong></span> 
     </span>
     <span class='ocr_line' id='line_1_14' title="bbox 578 2323 743 2389; baseline -0.006 0"><span class='ocrx_word' id='word_1_52' title='bbox 578 2323 743 2389; x_wconf 76' lang='lat' dir='ltr'><strong>Toxilus</strong></span> 
     </span>
    </p>
   </div>
   <div class='ocr_carea' id='block_1_7' title="bbox 101 2431 1223 2625">
    <p class='ocr_par' dir='ltr' id='par_1_7' title="bbox 101 2431 1223 2625">
     <span class='ocr_line' id='line_1_15' title="bbox 102 2431 1223 2516; baseline 0.007 -21"><span class='ocrx_word' id='word_1_53' title='bbox 102 2431 164 2497; x_wconf 87' lang='lat' dir='ltr'><strong>Per</strong></span> <span class='ocrx_word' id='word_1_54' title='bbox 185 2433 394 2516; x_wconf 70' lang='lat' dir='ltr'><strong>angiportum</strong></span> <span class='ocrx_word' id='word_1_55' title='bbox 416 2454 546 2499; x_wconf 78' lang='lat' dir='ltr'><strong>rursum</strong></span> <span class='ocrx_word' id='word_1_56' title='bbox 570 2439 604 2498; x_wconf 92' lang='lat' dir='ltr'><strong>te</strong></span> <span class='ocrx_word' id='word_1_57' title='bbox 628 2431 670 2498; x_wconf 81' lang='lat' dir='ltr'><strong>ed</strong></span> <span class='ocrx_word' id='word_1_58' title='bbox 693 2452 745 2497; x_wconf 91' lang='lat' dir='ltr'><strong>me</strong></span> <span class='ocrx_word' id='word_1_59' title='bbox 766 2432 906 2515; x_wconf 80' lang='lat' dir='ltr'><strong>recipito</strong></span> <span class='ocrx_word' id='word_1_60' title='bbox 1172 2449 1223 2503; x_wconf 74' lang='lat'><strong>675</strong></span> 
     </span>
     <span class='ocr_line' id='line_1_16' title="bbox 101 2538 424 2625; baseline 0.006 -20"><span class='ocrx_word' id='word_1_61' title='bbox 101 2538 180 2606; x_wconf 79' lang='lat' dir='ltr'>Illac</span> <span class='ocrx_word' id='word_1_62' title='bbox 202 2562 263 2625; x_wconf 87' lang='lat' dir='ltr'><strong>per</strong></span> <span class='ocrx_word' id='word_1_63' title='bbox 284 2541 424 2607; x_wconf 86' lang='lat' dir='ltr'><strong>hortum.</strong></span> 
     </span>
    </p>
   </div>
   <div class='ocr_carea' id='block_1_8' title="bbox 471 2670 1014 2866">
    <p class='ocr_par' dir='ltr' id='par_1_8' title="bbox 471 2670 1014 2866">
     <span class='ocr_line' id='line_1_17' title="bbox 545 2670 778 2755; baseline -0.009 -17"><span class='ocrx_word' id='word_1_64' title='bbox 545 2670 778 2755; x_wconf 76' lang='lat' dir='ltr'><strong>Saparietio</strong></span> 
     </span>
     <span class='ocr_line' id='line_1_18' title="bbox 471 2779 1014 2866; baseline 0 -20"><span class='ocrx_word' id='word_1_65' title='bbox 471 2779 567 2858; x_wconf 82' lang='lat' dir='ltr'>Quod</span> <span class='ocrx_word' id='word_1_66' title='bbox 590 2779 736 2846; x_wconf 82' lang='lat' dir='ltr'><strong>futurum</strong></span> <span class='ocrx_word' id='word_1_67' title='bbox 760 2787 812 2847; x_wconf 82' lang='lat' dir='ltr'><strong>est</strong></span> <span class='ocrx_word' id='word_1_68' title='bbox 833 2780 1014 2866; x_wconf 75' lang='lat' dir='ltr'><strong>praedices.</strong></span> 
     </span>
    </p>
   </div>
   <div class='ocr_carea' id='block_1_9' title="bbox 101 2934 1126 3452">
    <p class='ocr_par' dir='ltr' id='par_1_9' title="bbox 101 2934 1126 3452">
     <span class='ocr_line' id='line_1_19' title="bbox 579 2934 743 3000; baseline -0.006 0"><span class='ocrx_word' id='word_1_69' title='bbox 579 2934 743 3000; x_wconf 71' lang='lat' dir='ltr'><strong>Toxilus</strong></span> 
     </span>
     <span class='ocr_line' id='line_1_20' title="bbox 101 3041 1007 3128; baseline 0.003 -22"><span class='ocrx_word' id='word_1_70' title='bbox 101 3041 143 3106; x_wconf 78' lang='lat' dir='ltr'><strong>At</strong></span> <span class='ocrx_word' id='word_1_71' title='bbox 165 3062 206 3108; x_wconf 88' lang='lat' dir='ltr'><strong>ne</strong></span> <span class='ocrx_word' id='word_1_72' title='bbox 228 3062 302 3107; x_wconf 81' lang='lat' dir='ltr'><strong>oum</strong></span> <span class='ocrx_word' id='word_1_73' title='bbox 324 3048 461 3126; x_wconf 74' lang='lat' dir='ltr'><strong>argento</strong></span> <span class='ocrx_word' id='word_1_74' title='bbox 483 3044 650 3128; x_wconf 81' lang='lat' dir='ltr'><strong>protinam</strong></span> <span class='ocrx_word' id='word_1_75' title='bbox 673 3046 844 3128; x_wconf 79' lang='lat' dir='ltr'><strong>permittes</strong></span> <span class='ocrx_word' id='word_1_76' title='bbox 866 3043 1007 3126; x_wconf 86' lang='lat' dir='ltr'><strong>domum,</strong></span> 
     </span>
     <span class='ocr_line' id='line_1_21' title="bbox 103 3143 688 3232; baseline 0.005 -18"><span class='ocrx_word' id='word_1_77' title='bbox 103 3149 229 3232; x_wconf 84' lang='lat' dir='ltr'><strong>Moneo,</strong></span> <span class='ocrx_word' id='word_1_78' title='bbox 250 3158 293 3216; x_wconf 88' lang='lat' dir='ltr'><strong>te.</strong></span> <span class='ocrx_word' id='word_1_79' title='bbox 685 3143 688 3150; x_wconf 69' lang='grc'>’</span> 
     </span>
     <span class='ocr_line' id='line_1_22' title="bbox 547 3260 779 3344; baseline -0.009 -18"><span class='ocrx_word' id='word_1_80' title='bbox 547 3260 779 3344; x_wconf 72' lang='lat' dir='ltr'><strong>Saparistio</strong></span> 
     </span>
     <span class='ocr_line' id='line_1_23' title="bbox 317 3367 1126 3452; baseline 0.002 -18"><span class='ocrx_word' id='word_1_81' title='bbox 317 3367 409 3447; x_wconf 83' lang='lat' dir='ltr'><strong>Quod</strong></span> <span class='ocrx_word' id='word_1_82' title='bbox 431 3374 465 3434; x_wconf 88' lang='lat' dir='ltr'><strong>te</strong></span> <span class='ocrx_word' id='word_1_83' title='bbox 487 3369 621 3452; x_wconf 80' lang='lat' dir='ltr'><strong>dignum</strong></span> <span class='ocrx_word' id='word_1_84' title='bbox 644 3375 704 3448; x_wconf 84' lang='lat' dir='ltr'><strong>eet,</strong></span> <span class='ocrx_word' id='word_1_85' title='bbox 726 3389 777 3433; x_wconf 89' lang='lat' dir='ltr'><strong>me</strong></span> <span class='ocrx_word' id='word_1_86' title='bbox 800 3367 934 3451; x_wconf 81' lang='lat' dir='ltr'><strong>dignum</strong></span> <span class='ocrx_word' id='word_1_87' title='bbox 956 3390 1030 3435; x_wconf 81' lang='lat' dir='ltr'><strong>esee</strong></span> <span class='ocrx_word' id='word_1_88' title='bbox 1053 3371 1126 3436; x_wconf 81' lang='lat' dir='ltr'><strong>uis?</strong></span> 
     </span>
    </p>
   </div>
   <div class='ocr_carea' id='block_1_10' title="bbox 101 3523 931 3717">
    <p class='ocr_par' dir='ltr' id='par_1_10' title="bbox 101 3523 931 3717">
     <span class='ocr_line' id='line_1_24' title="bbox 581 3523 748 3589; baseline -0.006 0"><span class='ocrx_word' id='word_1_89' title='bbox 581 3523 748 3589; x_wconf 67' lang='lat' dir='ltr'><strong>Tettius</strong></span> 
     </span>
     <span class='ocr_line' id='line_1_25' title="bbox 101 3627 931 3717; baseline 0.005 -24"><span class='ocrx_word' id='word_1_90' title='bbox 101 3627 196 3708; x_wconf 79' lang='lat' dir='ltr'><strong>Taee,</strong></span> <span class='ocrx_word' id='word_1_91' title='bbox 216 3651 316 3714; x_wconf 77' lang='lat' dir='ltr'><strong>parce</strong></span> <span class='ocrx_word' id='word_1_92' title='bbox 338 3632 430 3712; x_wconf 83' lang='lat' dir='ltr'><strong>uoci;</strong></span> <span class='ocrx_word' id='word_1_93' title='bbox 452 3631 577 3717; x_wconf 77' lang='lat' dir='ltr'><strong>praede</strong></span> <span class='ocrx_word' id='word_1_94' title='bbox 599 3631 809 3716; x_wconf 80' lang='lat' dir='ltr'><strong>progreditur</strong></span> <span class='ocrx_word' id='word_1_95' title='bbox 830 3629 931 3698; x_wconf 78' lang='lat' dir='ltr'><strong>forae.</strong></span> 
     </span>
    </p>
   </div>
   <div class='ocr_carea' id='block_1_11' title="bbox 186 3915 1223 3978">
    <p class='ocr_par' dir='ltr' id='par_1_11' title="bbox 186 3915 1223 3978">
     <span class='ocr_line' id='line_1_26' title="bbox 186 3915 1223 3978; baseline 0.008 -9"><span class='ocrx_word' id='word_1_96' title='bbox 186 3917 236 3970; x_wconf 77' lang='lat'><strong>6⁷0</strong></span> <span class='ocrx_word' id='word_1_97' title='bbox 252 3915 462 3972; x_wconf 68' lang='lat' dir='ltr'><strong>laudabilemo</strong></span> <span class='ocrx_word' id='word_1_98' title='bbox 555 3915 687 3971; x_wconf 70' lang='lat' dir='ltr'>bonaso</span> <span class='ocrx_word' id='word_1_99' title='bbox 783 3919 834 3972; x_wconf 80' lang='grc'><strong>673</strong></span> <span class='ocrx_word' id='word_1_100' title='bbox 852 3919 888 3973; x_wconf 81' lang='lat' dir='ltr'><strong>eb</strong></span> <span class='ocrx_word' id='word_1_101' title='bbox 905 3917 959 3974; x_wconf 85' lang='lat' dir='ltr'><strong>hoe</strong></span> <span class='ocrx_word' id='word_1_102' title='bbox 977 3919 1073 3976; x_wconf 65' lang='grc' dir='ltr'><strong><em>οπο-Α</em></strong></span> <span class='ocrx_word' id='word_1_103' title='bbox 1171 3922 1223 3978; x_wconf 77' lang='grc'><strong>674</strong></span> 
     </span>
    </p>
   </div>
   <div class='ocr_carea' id='block_1_12' title="bbox 103 4000 1224 4154">
    <p class='ocr_par' dir='ltr' id='par_1_12' title="bbox 103 4000 1224 4154">
     <span class='ocr_line' id='line_1_27' title="bbox 103 4000 1224 4077; baseline 0.007 -23"><span class='ocrx_word' id='word_1_104' title='bbox 103 4017 214 4068; x_wconf 76' lang='lat' dir='ltr'><strong>prorem</strong></span> <span class='ocrx_word' id='word_1_105' title='bbox 230 4001 258 4056; x_wconf 91' lang='lat' dir='ltr'><em>B</em></span> <span class='ocrx_word' id='word_1_106' title='bbox 310 4002 501 4058; x_wconf 69' lang='lat'><strong>6761112130</strong></span> <span class='ocrx_word' id='word_1_107' title='bbox 556 4007 649 4056; x_wconf 85' lang='lat' dir='ltr'><strong>ortum</strong></span> <span class='ocrx_word' id='word_1_108' title='bbox 666 4000 695 4056; x_wconf 91' lang='lat' dir='ltr'><em>B</em></span> <span class='ocrx_word' id='word_1_109' title='bbox 747 4020 803 4072; x_wconf 83' lang='lat' dir='ltr'><strong>quo</strong></span> <span class='ocrx_word' id='word_1_110' title='bbox 822 4001 875 4060; x_wconf 84' lang='lat' dir='ltr'><strong>BG</strong></span> <span class='ocrx_word' id='word_1_111' title='bbox 930 4006 982 4060; x_wconf 71' lang='lat'><strong>679</strong></span> <span class='ocrx_word' id='word_1_112' title='bbox 999 4023 1084 4075; x_wconf 78' lang='lat' dir='ltr'><strong>perce</strong></span> <span class='ocrx_word' id='word_1_113' title='bbox 1102 4023 1172 4061; x_wconf 78' lang='lat' dir='ltr'><strong>uoce</strong></span> <span class='ocrx_word' id='word_1_114' title='bbox 1188 4006 1224 4077; x_wconf 87' lang='lat' dir='ltr'><strong>B,</strong></span> 
     </span>
     <span class='ocr_line' id='line_1_28' title="bbox 104 4083 317 4154; baseline 0.019 -15"><span class='ocrx_word' id='word_1_115' title='bbox 104 4101 189 4154; x_wconf 68' lang='lat' dir='ltr'><strong>ptrue</strong></span> <span class='ocrx_word' id='word_1_116' title='bbox 207 4083 317 4142; x_wconf 72' lang='lat' dir='ltr'><strong>udeeO</strong></span> 
     </span>
    </p>
   </div>
   <div class='ocr_carea' id='block_1_13' title="bbox 0 0 1511 5000">
    <p class='ocr_par' dir='ltr' id='par_1_13' title="bbox 0 0 1511 5000">
     <span class='ocr_line' id='line_1_29' title="bbox 0 0 1511 5000; baseline 0 0"><span class='ocrx_word' id='word_1_117' title='bbox 0 0 1511 5000; x_wconf 95' lang='lat' dir='ltr'><strong> </strong></span> 
     </span>
    </p>
   </div>
  </div>
 </body>
</html>
