2864 5000
41 479 75 545 Η,
94 483 118 544 4,
136 465 258 532 esa-100
505 480 690 536 Trinummus.

41 669 196 734 Decedam
219 691 280 754 ego
301 671 351 736 illi
373 671 413 736 de
436 673 499 750 uia,
523 670 563 735 de
587 671 712 746 semita,

40 777 81 842 De
103 778 227 845 honore
250 780 376 864 populi,
400 801 513 846 uerum
536 779 623 863 quod
647 779 689 844 ad
714 783 860 842 uenirem
882 777 1012 856 attinet,

39 885 106 950 Non
128 886 239 953 hercle
262 888 324 954 hoc
345 889 450 969 longe,
474 890 535 954 nisi
562 909 611 952 me
635 887 751 970 pugnis
773 885 900 950 uicerit.
1100 899 1152 952 485

39 995 121 1062 Cena
144 997 207 1061 hac
229 1017 359 1062 annona
382 998 525 1062 estsine
550 997 652 1060 sacris
676 994 851 1060 hereditas.

524 1183 659 1248 Philto

38 1293 166 1378 Semper
188 1299 226 1358 tu
248 1292 358 1372 facite,
380 1293 568 1371 Lesbonice,
591 1292 652 1357 hoc
675 1292 807 1372 cogites,

38 1403 71 1467 ld
93 1409 264 1486 optumum
288 1424 359 1468 esse
382 1408 452 1468 tute
475 1403 523 1466 uti
548 1400 592 1466 si's
615 1405 784 1484 optumus;

37 1511 66 1576 Si
87 1511 120 1576 id
142 1531 294 1594 nequeas,
317 1511 434 1576 saltem
456 1517 493 1575 ut
517 1510 657 1593 optumis
680 1509 725 1573 sis
748 1527 934 1592 proxumus.

37 1621 126 1700 Nunc
156 1620 381 1686 condicionem
409 1619 510 1698 hanc,
545 1638 641 1700 quam
672 1639 732 1700 ego
761 1615 830 1681 fero
860 1621 893 1680 et
916 1635 1013 1698 quam
1037 1614 1151 1679 abste

746 1731 832 1808 peto,
1099 1739 1151 1792 490

38 1838 118 1902 Dare
140 1844 240 1921 atque
263 1839 420 1920 accipere,
442 1835 632 1913 Lesbonice,
655 1843 687 1898 te
710 1833 796 1897 nolo.

38 1947 72 2010 hi
95 1947 217 2010 diuites
240 1954 326 2024 sunt,
350 1946 427 2011 deos
451 1945 567 2010 decent
590 1941 777 2026 opulentiae

38 2055 75 2117 Et
96 2055 271 2133 factiones3
295 2075 408 2120 uerum
431 2075 491 2118 nos
515 2050 704 2117 homunculi

38 2164 179 2229 Salillum
203 2165 341 2240 animae,
366 2184 464 2246 quam
488 2183 586 2246 quom
610 2157 772 2242 extemplo
797 2157 973 2235 emisimus,

38 2274 143 2357 Aequo
167 2271 334 2338 mendicus
359 2281 458 2356 atque
481 2271 536 2335 ille
560 2269 840 2353 opulentissumus
1098 2279 1150 2333 495

38 2381 189 2448 Censetur
211 2401 311 2447 censu
334 2381 376 2446 sd
399 2381 617 2446 Acheruntem
640 2382 795 2442 mortuus.
888 2469 890 2476 Ι

489 2573 689 2637 Stasimus

39 2683 149 2750 llirum
172 2685 252 2770 quin
275 2683 391 2749 tuille
414 2688 523 2748 tecum
546 2681 680 2746 diuitias
703 2678 800 2744 ieras.

39 2791 96 2857 Ubi
118 2799 265 2858 mortuus
288 2792 342 2870 sis,
365 2791 412 2855 ita
435 2792 480 2855 sis
503 2796 540 2855 ut
562 2809 679 2854 nomen
702 2787 797 2852 cluet.

546 2977 682 3041 Philto

40 3087 125 3153 Nunc
147 3096 183 3154 ut
206 3091 291 3154 scias
315 3091 369 3154 hic
391 3089 550 3154 factiones
574 3094 673 3170 atque
697 3106 775 3169 opes

41 3195 106 3262 Non
129 3219 200 3263 esse
224 3218 329 3282 nsque
353 3217 412 3262 nos
435 3202 523 3261 tuam
546 3195 716 3278 neglegere
739 3193 888 3274 gratiam,
1097 3209 1148 3261 500

42 3303 109 3370 Sine
130 3306 206 3371 dote
229 3326 329 3390 posco
352 3313 443 3369 tuam
468 3325 612 3370 sororem
635 3301 713 3366 filiu.

43 3411 124 3488 Quae
146 3435 198 3479 res
221 3413 304 3478 bene
327 3419 448 3478 uertat.
494 3411 632 3477 Habeon
656 3411 810 3494 pactam?
855 3406 939 3485 Quid
962 3409 1072 3474 taces?

486 3588 686 3654 Stasimus

43 3693 97 3760 Pro
120 3697 150 3763 di
172 3699 374 3778 inmortales,
399 3697 622 3764 condicionem
647 3697 765 3779 quoius
788 3694 891 3760 modil

46 3851 156 3862 -——·--.-
180 3857 208 3861 --
221 3855 232 3862 -r

341 3881 350 3906 Ι

115 3938 163 3992 486
182 3937 237 3990 hoe
256 3936 341 3994 facitu
359 3937 517 3990 Lesbonioe
536 3935 588 3990 BG
637 3938 688 3989 488
706 3939 738 3989 ut
755 3933 807 3988 ΒΟ
862 3935 912 3989 489
930 3949 1021 4002 neque
1038 3933 1148 3988 adsalu-

45 4025 91 4073 tem
108 4021 154 4076 BC
213 4024 264 4076 490
282 4027 347 4090 apte
364 4021 419 4076 ΒΟ
472 4023 519 4075 491
541 4020 708 4088 aspicerent
760 4023 811 4074 492
829 3996 880 4073 hei
899 4019 950 4074 Bc
1000 4020 1083 4074 decet
1100 4019 1152 4074 130

117 4109 258 4176 opulentis
276 4109 311 4172 B,
329 4106 513 4176 opulentiaO
594 4109 645 4159 494
665 4105 835 4160 SotillumA
920 4105 966 4173 qui
985 4123 1070 4173 quum

46 4193 198 4260 exemplet*
274 4194 416 4247 amisimus
433 4190 483 4246 ΒΟ
558 4195 609 4245 496
628 4195 723 4260 Aeque
741 4190 793 4244 ΒΟ
867 4191 918 4243 496
936 4188 1074 4243 ceusuiO

47 4275 183 4333 schemate
200 4278 236 4342 B,
256 4277 448 4333 acheronteO
520 4279 569 4330 497
588 4279 632 4329 An
651 4277 750 4328 mirum
816 4276 888 4328 initu
908 4274 934 4342 0,
954 4277 1025 4328 initu
1044 4273 1071 4328 Β

47 4359 113 4413 silum
130 4363 176 4418 BG
237 4366 289 4418 499
307 4363 457 4417 fractiones
475 4361 503 4416 Β
555 4363 606 4414 902
624 4361 745 4428 Querens
764 4357 795 4414 Β
