2864 5000
62 467 105 531 IV,
123 469 145 532 2,
164 467 265 520 29-44
458 426 461 431 -
520 464 702 519 Trinummus.
1112 473 1173 533 307

478 652 743 737 Sycophanta

939 741 1040 821 Hauc,
1063 762 1172 822 senex,

58 846 177 912 Census
201 869 298 931 quom
321 868 401 927 sum,
425 849 561 913 iuratori
584 855 674 913 recto
697 849 857 914 rationem
881 848 965 914 dedi.

57 955 268 1020 Lesbonicum
292 956 345 1021 hic
367 955 607 1021 adulescentem
630 975 763 1039 quaero,
786 958 819 1021 in
842 957 893 1022 his
915 957 1102 1040 regionibus

57 1063 115 1127 t'hi
136 1062 273 1144 habitet,
297 1071 330 1128 et
351 1065 429 1128 item
452 1062 592 1128 alterum
615 1064 658 1128 ad
675 1065 783 1128 istanc
800 1066 919 1148 capitis
939 1065 1171 1148 albitudinem;

56 1171 221 1237 Calliclem
244 1172 355 1238 aiebat
377 1174 490 1237 uocari
513 1171 568 1255 qui
591 1170 651 1235 has
674 1171 753 1236 mihi
777 1172 867 1237 dedit
890 1173 1061 1257 epistulas.
1122 1191 1173 1245 aas

492 1290 732 1356 Charmides

55 1399 159 1464 llenm
183 1407 316 1482 gnatum
347 1400 400 1465 bio
428 1400 560 1483 quidem
586 1398 801 1463 Lesbonicum
825 1400 955 1482 quaerit
977 1407 1010 1466 et
1032 1403 1173 1467 amicum

766 1527 882 1578 meum,

56 1613 134 1688 Quoi
158 1637 218 1698 ego
242 1614 429 1700 liberosque
452 1614 851 1708 bonaqueconmendaui,
875 1614 1054 1683 Calliclem.

481 1733 743 1816 Sycophanta

54 1839 114 1904 Fac
129 1862 191 1923 me,
210 1844 237 1908 si
250 1844 321 1919 sois,
339 1844 520 1923 certiorem,
539 1842 629 1906 hisce
647 1840 793 1906 homines
811 1843 868 1907 ubi
885 1843 1043 1920 habitent,
1066 1852 1172 1928 pater.

490 1960 729 2026 Charmides

54 2069 134 2147 Quid
163 2091 220 2134 eos
251 2070 405 2154 qnaeris?
440 2077 499 2135 aut
527 2071 600 2154 quis
629 2070 686 2133 es?
720 2075 778 2134 aut
807 2070 892 2135 unde
916 2073 972 2136 os?
1006 2079 1064 2137 aut
1086 2073 1172 2139 unde

441 2175 442 2178 ’
767 2177 930 2245 aduenis?

480 2297 500 2363 S
535 2317 578 2362 co
615 2296 743 2362 hanta

51 2405 153 2470 llulta
176 2406 272 2471 simul
290 2405 428 2486 rogitas;
452 2320 562 2471 nesbio
582 2319 661 2489 guid
678 2405 849 2487 expediam
873 2407 1101 2490 potissumum.
1121 2426 1173 2480 880

53 2513 83 2576 Si
104 2535 206 2579 unum
231 2513 390 2597 quidquid
414 2513 604 2594 singillatim
628 2519 661 2577 et
685 2513 811 2596 placide
834 2516 1080 2598 percontabere,

52 2623 91 2687 Et
113 2645 223 2688 meum
248 2642 366 2688 nomen
389 2629 423 2686 ct
446 2642 518 2686 mea
540 2623 628 2686 iacta
651 2630 684 2686 et
706 2623 825 2686 itinera
848 2642 907 2705 ego
930 2623 1004 2688 faxo
1028 2625 1120 2690 scias.

491 2739 731 2806 Charmides

51 2849 74 2913 F
76 2852 185 2915 eciam
209 2853 257 2915 ita
274 2856 311 2914 nt
327 2850 386 2914 uis.
432 2849 499 2931 Age
518 2849 603 2924 dum,
628 2869 743 2913 nomen
760 2856 850 2914 tunm
871 2851 1009 2931 primum
1027 2871 1172 2917 memora

766 2957 856 3021 mihi.

479 3075 742 3160 Sycophanta

51 3184 203 3266 ldagnum
229 3185 356 3250 lacinus
380 3185 542 3266 incipissis
565 3191 687 3266 petere.

492 3314 707 3381 Charmide
718 3337 732 3380 s

729 3423 811 3502 Quid
839 3426 909 3488 ita?

477 3543 744 3626 Sycophanta

951 3628 1044 3708 Quia,
1067 3637 1170 3714 pater,

53 3736 185 3802 Stante
208 3737 313 3802 lucem
336 3738 383 3802 ire
405 3737 506 3801 tacte
528 3738 670 3819 occipias
693 3757 714 3800 a
735 3757 807 3800 meo
831 3738 935 3820 primo
958 3739 1097 3818 nomino,
1121 3757 1172 3808 885

52 3841 251 3910 Concubium
276 3847 318 3910 sit
341 3848 446 3909 noctis
466 3846 556 3928 prius
574 3865 672 3926 quam
691 3845 952 3928 adpostremum
972 3850 1169 3927 perueneris.

132 4085 183 4138 871
203 4083 257 4136 beu
333 4085 383 4136 872
402 4099 462 4136 sum
480 4099 529 4137 orn.
604 4084 655 4135 874
672 4081 764 4136 istane
782 4080 834 4136 Bo
902 4083 953 4136 875
971 4081 1103 4138 Calliclem

7 4201 8 4212 ,
53 4168 128 4222 dedit
143 4168 215 4221 mibi
233 4167 260 4220 B
325 4169 377 4222 878
394 4169 431 4221 sis
450 4169 569 4222 certiore
587 4168 670 4220 horca
741 4165 866 4220 habitem
930 4169 979 4222 881
999 4167 1048 4222 Sin
1109 4187 1172 4238 per·

17 4275 33 4329 y
52 4253 245 4308 cantaberec
310 4255 362 4308 882
380 4270 481 4307 numen
548 4251 624 4306 laxos
643 4250 671 4305 B
735 4253 786 4311 884
804 4253 904 4321 incipis
923 4251 1004 4306 sicO
1063 4258 1171 4322 patrem

53 4339 99 4390 888
116 4338 210 4392 hercle
230 4353 280 4393 orn.
300 4337 327 4407 0,
345 4338 467 4408 spatium
485 4336 512 4391 Β

893 4447 942 4500 20*
