<?xml version="1.0" encoding="UTF-8"?>
<!DOCTYPE html PUBLIC "-//W3C//DTD XHTML 1.0 Transitional//EN"
    "http://www.w3.org/TR/xhtml1/DTD/xhtml1-transitional.dtd">
<html xmlns="http://www.w3.org/1999/xhtml" xml:lang="en" lang="en">
 <head>
  <title>
</title>
<meta http-equiv="Content-Type" content="text/html;charset=utf-8" />
  <meta name='ocr-system' content='tesseract 3.04.00' />
  <meta name='ocr-capabilities' content='ocr_page ocr_carea ocr_par ocr_line ocrx_word'/>
</head>
<body>
  <div class='ocr_page' id='page_1' title='image "./tmacciiplautico04ussigoog_0370.png"; bbox 0 0 2864 5000; ppageno 0'>
   <div class='ocr_carea' id='block_1_1' title="bbox 46 450 759 566">
    <p class='ocr_par' dir='ltr' id='par_1_1' title="bbox 46 450 759 566">
     <span class='ocr_line' id='line_1_1' title="bbox 46 450 759 566; baseline 0.001 -14"><span class='ocrx_word' id='word_1_1' title='bbox 46 497 83 565; x_wconf 89' lang='grc' dir='ltr'>Π,</span> <span class='ocrx_word' id='word_1_2' title='bbox 101 500 128 566; x_wconf 87' lang='grc'>3,</span> <span class='ocrx_word' id='word_1_3' title='bbox 146 497 229 552; x_wconf 76' lang='grc'><strong>3-30</strong></span> <span class='ocrx_word' id='word_1_4' title='bbox 510 496 707 553; x_wconf 82' lang='lat' dir='ltr'>Truculentue.</span> <span class='ocrx_word' id='word_1_5' title='bbox 755 450 759 459; x_wconf 35' lang='grc' dir='ltr'>Ι</span> 
     </span>
    </p>
   </div>
   <div class='ocr_carea' id='block_1_2' title="bbox 45 687 782 881">
    <p class='ocr_par' dir='ltr' id='par_1_2' title="bbox 45 687 782 881">
     <span class='ocr_line' id='line_1_2' title="bbox 485 687 726 771; baseline -0.004 -19"><span class='ocrx_word' id='word_1_6' title='bbox 485 687 726 771; x_wconf 81' lang='lat' dir='ltr'>Astaphium</span> 
     </span>
     <span class='ocr_line' id='line_1_3' title="bbox 45 795 782 881; baseline 0 -21"><span class='ocrx_word' id='word_1_7' title='bbox 45 795 118 862; x_wconf 91' lang='lat' dir='ltr'>Non</span> <span class='ocrx_word' id='word_1_8' title='bbox 141 797 213 881; x_wconf 83' lang='lat' dir='ltr'>quis</span> <span class='ocrx_word' id='word_1_9' title='bbox 237 815 414 881; x_wconf 82' lang='lat' dir='ltr'>parumper</span> <span class='ocrx_word' id='word_1_10' title='bbox 436 795 555 861; x_wconf 87' lang='lat' dir='ltr'>durere</span> <span class='ocrx_word' id='word_1_11' title='bbox 578 797 782 881; x_wconf 80' lang='lat' dir='ltr'>opperirier?</span> 
     </span>
    </p>
   </div>
   <div class='ocr_carea' id='block_1_3' title="bbox 43 938 1166 1458">
    <p class='ocr_par' dir='ltr' id='par_1_3' title="bbox 43 938 1166 1458">
     <span class='ocr_line' id='line_1_4' title="bbox 480 938 729 1004; baseline 0.004 -1"><span class='ocrx_word' id='word_1_12' title='bbox 480 938 507 1002; x_wconf 94' lang='lat' dir='ltr'>D</span> <span class='ocrx_word' id='word_1_13' title='bbox 517 939 554 1003; x_wconf 94' lang='lat' dir='ltr'>in</span> <span class='ocrx_word' id='word_1_14' title='bbox 563 941 573 1002; x_wconf 91' lang='lat' dir='ltr'>i</span> <span class='ocrx_word' id='word_1_15' title='bbox 582 938 704 1003; x_wconf 81' lang='lat' dir='ltr'>erchu</span> <span class='ocrx_word' id='word_1_16' title='bbox 715 960 729 1004; x_wconf 85' lang='lat' dir='ltr'>e</span> 
     </span>
     <span class='ocr_line' id='line_1_5' title="bbox 45 1045 885 1126; baseline -0.002 -14"><span class='ocrx_word' id='word_1_17' title='bbox 45 1045 130 1124; x_wconf 79' lang='lat' dir='ltr'>Quin</span> <span class='ocrx_word' id='word_1_18' title='bbox 153 1046 263 1112; x_wconf 89' lang='lat' dir='ltr'>hercle</span> <span class='ocrx_word' id='word_1_19' title='bbox 283 1046 391 1112; x_wconf 77' lang='lat' dir='ltr'>laesus</span> <span class='ocrx_word' id='word_1_20' title='bbox 415 1047 481 1112; x_wconf 85' lang='lat' dir='ltr'>iam</span> <span class='ocrx_word' id='word_1_21' title='bbox 504 1067 573 1112; x_wconf 82' lang='lat' dir='ltr'>sum</span> <span class='ocrx_word' id='word_1_22' title='bbox 597 1045 748 1112; x_wconf 81' lang='lat' dir='ltr'>durando</span> <span class='ocrx_word' id='word_1_23' title='bbox 774 1047 885 1126; x_wconf 80' lang='lat' dir='ltr'>micer3</span> 
     </span>
     <span class='ocr_line' id='line_1_6' title="bbox 43 1154 1166 1241; baseline 0.004 -22"><span class='ocrx_word' id='word_1_24' title='bbox 43 1155 123 1221; x_wconf 88' lang='lat' dir='ltr'>Mihi</span> <span class='ocrx_word' id='word_1_25' title='bbox 147 1177 278 1241; x_wconf 89' lang='lat' dir='ltr'>queque</span> <span class='ocrx_word' id='word_1_26' title='bbox 302 1177 380 1241; x_wconf 80' lang='lat' dir='ltr'>prae</span> <span class='ocrx_word' id='word_1_27' title='bbox 403 1154 599 1221; x_wconf 80' lang='lat' dir='ltr'><strong>lassitudine</strong></span> <span class='ocrx_word' id='word_1_28' title='bbox 622 1176 704 1240; x_wconf 84' lang='lat' dir='ltr'>opus</span> <span class='ocrx_word' id='word_1_29' title='bbox 728 1161 777 1220; x_wconf 86' lang='lat' dir='ltr'>eet</span> <span class='ocrx_word' id='word_1_30' title='bbox 797 1159 834 1220; x_wconf 81' lang='lat' dir='ltr'>ut</span> <span class='ocrx_word' id='word_1_31' title='bbox 853 1154 973 1220; x_wconf 80' lang='lat' dir='ltr'>leuem.</span> <span class='ocrx_word' id='word_1_32' title='bbox 1116 1171 1166 1224; x_wconf 81' lang='grc'>323</span> 
     </span>
     <span class='ocr_line' id='line_1_7' title="bbox 44 1263 986 1348; baseline 0 -20"><span class='ocrx_word' id='word_1_33' title='bbox 44 1263 107 1330; x_wconf 87' lang='lat' dir='ltr'>Sed</span> <span class='ocrx_word' id='word_1_34' title='bbox 130 1264 267 1331; x_wconf 82' lang='lat' dir='ltr'>obsecro</span> <span class='ocrx_word' id='word_1_35' title='bbox 289 1265 410 1346; x_wconf 88' lang='lat' dir='ltr'>hercle,</span> <span class='ocrx_word' id='word_1_36' title='bbox 434 1264 639 1348; x_wconf 75' lang='lat' dir='ltr'>Astaphium,</span> <span class='ocrx_word' id='word_1_37' title='bbox 661 1265 675 1327; x_wconf 82' lang='lat' dir='ltr'>i</span> <span class='ocrx_word' id='word_1_38' title='bbox 697 1265 785 1330; x_wconf 89' lang='lat' dir='ltr'>intro</span> <span class='ocrx_word' id='word_1_39' title='bbox 810 1284 848 1330; x_wconf 83' lang='lat' dir='ltr'>ec</span> <span class='ocrx_word' id='word_1_40' title='bbox 870 1265 986 1329; x_wconf 83' lang='lat' dir='ltr'>nuntie</span> 
     </span>
     <span class='ocr_line' id='line_1_8' title="bbox 43 1371 1061 1458; baseline 0 -20"><span class='ocrx_word' id='word_1_41' title='bbox 43 1371 93 1438; x_wconf 86' lang='lat' dir='ltr'>Me</span> <span class='ocrx_word' id='word_1_42' title='bbox 116 1373 245 1453; x_wconf 76' lang='lat' dir='ltr'>adesse,</span> <span class='ocrx_word' id='word_1_43' title='bbox 267 1379 304 1440; x_wconf 82' lang='lat' dir='ltr'>ut</span> <span class='ocrx_word' id='word_1_44' title='bbox 326 1379 482 1458; x_wconf 81' lang='lat' dir='ltr'>properet</span> <span class='ocrx_word' id='word_1_45' title='bbox 503 1371 523 1454; x_wconf 95' lang='lat'>†</span> <span class='ocrx_word' id='word_1_46' title='bbox 545 1393 645 1438; x_wconf 82' lang='lat' dir='ltr'>suune</span> <span class='ocrx_word' id='word_1_47' title='bbox 667 1373 743 1454; x_wconf 84' lang='lat' dir='ltr'>iam,</span> <span class='ocrx_word' id='word_1_48' title='bbox 766 1377 803 1437; x_wconf 90' lang='lat' dir='ltr'>ut</span> <span class='ocrx_word' id='word_1_49' title='bbox 826 1373 908 1438; x_wconf 83' lang='lat' dir='ltr'>sctis</span> <span class='ocrx_word' id='word_1_50' title='bbox 931 1371 1061 1439; x_wconf 81' lang='lat' dir='ltr'>iuuerit.</span> 
     </span>
    </p>
   </div>
   <div class='ocr_carea' id='block_1_4' title="bbox 42 1516 724 1668">
    <p class='ocr_par' dir='ltr' id='par_1_4' title="bbox 42 1516 724 1668">
     <span class='ocr_line' id='line_1_9' title="bbox 481 1516 724 1598; baseline 0 -18"><span class='ocrx_word' id='word_1_51' title='bbox 481 1516 724 1598; x_wconf 79' lang='lat' dir='ltr'>Astaphium</span> 
     </span>
     <span class='ocr_line' id='line_1_10' title="bbox 42 1601 142 1668; baseline 0.01 -1"><span class='ocrx_word' id='word_1_52' title='bbox 42 1601 142 1668; x_wconf 86' lang='lat' dir='ltr'>Licet.</span> 
     </span>
    </p>
   </div>
   <div class='ocr_carea' id='block_1_5' title="bbox 187 1723 724 1908">
    <p class='ocr_par' dir='ltr' id='par_1_5' title="bbox 187 1723 724 1908">
     <span class='ocr_line' id='line_1_11' title="bbox 428 1723 724 1798; baseline 0 0"><span class='ocrx_word' id='word_1_53' title='bbox 428 1723 430 1730; x_wconf 42' lang='lat'><strong>¹</strong></span> <span class='ocrx_word' id='word_1_54' title='bbox 479 1732 724 1798; x_wconf 84' lang='lat' dir='ltr'>Diniarchus</span> 
     </span>
     <span class='ocr_line' id='line_1_12' title="bbox 187 1842 439 1908; baseline -0.008 0"><span class='ocrx_word' id='word_1_55' title='bbox 187 1842 293 1908; x_wconf 88' lang='lat' dir='ltr'>Audin</span> <span class='ocrx_word' id='word_1_56' title='bbox 317 1843 439 1907; x_wconf 79' lang='lat' dir='ltr'>etiem?</span> 
     </span>
    </p>
   </div>
   <div class='ocr_carea' id='block_1_6' title="bbox 477 1985 726 2302">
    <p class='ocr_par' dir='ltr' id='par_1_6' title="bbox 477 1985 726 2302">
     <span class='ocr_line' id='line_1_13' title="bbox 482 1985 723 2067; baseline -0.004 -18"><span class='ocrx_word' id='word_1_57' title='bbox 482 1985 723 2067; x_wconf 79' lang='lat' dir='ltr'>Astaphium</span> 
     </span>
     <span class='ocr_line' id='line_1_14' title="bbox 485 2092 666 2173; baseline -0.022 -12"><span class='ocrx_word' id='word_1_58' title='bbox 485 2092 570 2173; x_wconf 80' lang='lat' dir='ltr'>Quid</span> <span class='ocrx_word' id='word_1_59' title='bbox 592 2093 666 2160; x_wconf 84' lang='lat' dir='ltr'>uis?</span> 
     </span>
     <span class='ocr_line' id='line_1_15' title="bbox 477 2236 726 2302; baseline 0.004 -1"><span class='ocrx_word' id='word_1_60' title='bbox 477 2236 726 2302; x_wconf 83' lang='lat' dir='ltr'>Diniarchue</span> 
     </span>
    </p>
   </div>
   <div class='ocr_carea' id='block_1_7' title="bbox 43 2345 1009 2524">
    <p class='ocr_par' dir='ltr' id='par_1_7' title="bbox 43 2345 1009 2524">
     <span class='ocr_line' id='line_1_16' title="bbox 707 2345 1009 2430; baseline 0.01 -21"><span class='ocrx_word' id='word_1_61' title='bbox 707 2345 748 2410; x_wconf 90' lang='lat' dir='ltr'>Di</span> <span class='ocrx_word' id='word_1_62' title='bbox 771 2365 823 2411; x_wconf 89' lang='lat' dir='ltr'>me</span> <span class='ocrx_word' id='word_1_63' title='bbox 845 2346 1009 2430; x_wconf 77' lang='lat' dir='ltr'>perduint,</span> 
     </span>
     <span class='ocr_line' id='line_1_17' title="bbox 43 2452 889 2524; baseline -0.001 -2"><span class='ocrx_word' id='word_1_64' title='bbox 43 2457 75 2523; x_wconf 89' lang='lat' dir='ltr'>Si</span> <span class='ocrx_word' id='word_1_65' title='bbox 96 2463 129 2524; x_wconf 87' lang='lat' dir='ltr'>te</span> <span class='ocrx_word' id='word_1_66' title='bbox 152 2455 316 2524; x_wconf 83' lang='lat' dir='ltr'>reuocaui.</span> <span class='ocrx_word' id='word_1_67' title='bbox 363 2454 437 2520; x_wconf 92' lang='lat' dir='ltr'>Non</span> <span class='ocrx_word' id='word_1_68' title='bbox 459 2454 520 2520; x_wconf 82' lang='lat' dir='ltr'>tibi</span> <span class='ocrx_word' id='word_1_69' title='bbox 543 2452 708 2520; x_wconf 77' lang='lat' dir='ltr'>dicebam:</span> <span class='ocrx_word' id='word_1_70' title='bbox 732 2455 743 2517; x_wconf 95' lang='lat' dir='ltr'>i</span> <span class='ocrx_word' id='word_1_71' title='bbox 766 2454 889 2521; x_wconf 85' lang='lat' dir='ltr'>modo?</span> 
     </span>
    </p>
   </div>
   <div class='ocr_carea' id='block_1_8' title="bbox 43 2598 1165 2901">
    <p class='ocr_par' dir='ltr' id='par_1_8' title="bbox 43 2598 1165 2901">
     <span class='ocr_line' id='line_1_18' title="bbox 482 2598 723 2682; baseline -0.004 -19"><span class='ocrx_word' id='word_1_72' title='bbox 482 2598 723 2682; x_wconf 80' lang='lat' dir='ltr'>Astaphium</span> 
     </span>
     <span class='ocr_line' id='line_1_19' title="bbox 44 2705 1165 2791; baseline -0.004 -16"><span class='ocrx_word' id='word_1_73' title='bbox 44 2707 125 2786; x_wconf 86' lang='lat' dir='ltr'>Quid</span> <span class='ocrx_word' id='word_1_74' title='bbox 148 2709 213 2774; x_wconf 80' lang='lat' dir='ltr'>ium</span> <span class='ocrx_word' id='word_1_75' title='bbox 235 2707 425 2787; x_wconf 75' lang='lat' dir='ltr'>reuocabae,</span> <span class='ocrx_word' id='word_1_76' title='bbox 448 2706 586 2791; x_wconf 84' lang='lat' dir='ltr'>inprobe</span> <span class='ocrx_word' id='word_1_77' title='bbox 608 2705 769 2790; x_wconf 89' lang='lat' dir='ltr'>nihilique</span> <span class='ocrx_word' id='word_1_78' title='bbox 791 2705 910 2774; x_wconf 81' lang='lat' dir='ltr'><strong>homo?</strong></span> <span class='ocrx_word' id='word_1_79' title='bbox 1113 2725 1165 2778; x_wconf 76' lang='lat'>³30</span> 
     </span>
     <span class='ocr_line' id='line_1_20' title="bbox 43 2815 787 2901; baseline -0.003 -21"><span class='ocrx_word' id='word_1_80' title='bbox 43 2817 113 2901; x_wconf 84' lang='lat' dir='ltr'>Ipse</span> <span class='ocrx_word' id='word_1_81' title='bbox 135 2816 197 2884; x_wconf 87' lang='lat' dir='ltr'>tibi</span> <span class='ocrx_word' id='word_1_82' title='bbox 219 2815 309 2881; x_wconf 90' lang='lat' dir='ltr'>mille</span> <span class='ocrx_word' id='word_1_83' title='bbox 331 2835 463 2899; x_wconf 81' lang='lat' dir='ltr'>pessum</span> <span class='ocrx_word' id='word_1_84' title='bbox 486 2816 644 2899; x_wconf 78' lang='lat' dir='ltr'>peperisti</span> <span class='ocrx_word' id='word_1_85' title='bbox 665 2834 787 2880; x_wconf 82' lang='lat' dir='ltr'>meree.</span> 
     </span>
    </p>
   </div>
   <div class='ocr_carea' id='block_1_9' title="bbox 44 2958 1047 3795">
    <p class='ocr_par' dir='ltr' id='par_1_9' title="bbox 44 2958 1047 3795">
     <span class='ocr_line' id='line_1_21' title="bbox 477 2958 728 3023; baseline -0.004 -1"><span class='ocrx_word' id='word_1_86' title='bbox 477 2958 728 3023; x_wconf 83' lang='lat' dir='ltr'>Diniarchue</span> 
     </span>
     <span class='ocr_line' id='line_1_22' title="bbox 44 3065 1047 3153; baseline -0.004 -19"><span class='ocrx_word' id='word_1_87' title='bbox 44 3067 103 3134; x_wconf 83' lang='lat' dir='ltr'>Sed</span> <span class='ocrx_word' id='word_1_88' title='bbox 127 3068 206 3153; x_wconf 87' lang='lat' dir='ltr'>quid</span> <span class='ocrx_word' id='word_1_89' title='bbox 231 3069 313 3133; x_wconf 86' lang='lat' dir='ltr'>huec</span> <span class='ocrx_word' id='word_1_90' title='bbox 334 3065 388 3132; x_wconf 92' lang='lat' dir='ltr'>hic</span> <span class='ocrx_word' id='word_1_91' title='bbox 410 3073 521 3134; x_wconf 82' lang='lat' dir='ltr'>eutem</span> <span class='ocrx_word' id='word_1_92' title='bbox 543 3074 609 3133; x_wconf 85' lang='lat' dir='ltr'>tem</span> <span class='ocrx_word' id='word_1_93' title='bbox 635 3067 691 3132; x_wconf 92' lang='lat' dir='ltr'>diu</span> <span class='ocrx_word' id='word_1_94' title='bbox 715 3067 907 3132; x_wconf 76' lang='lat' dir='ltr'>antecedis</span> <span class='ocrx_word' id='word_1_95' title='bbox 931 3068 1047 3132; x_wconf 82' lang='lat' dir='ltr'>stetit?</span> 
     </span>
     <span class='ocr_line' id='line_1_23' title="bbox 45 3174 887 3260; baseline -0.001 -20"><span class='ocrx_word' id='word_1_96' title='bbox 45 3176 158 3244; x_wconf 88' lang='lat' dir='ltr'>Nescio</span> <span class='ocrx_word' id='word_1_97' title='bbox 181 3199 279 3260; x_wconf 90' lang='lat' dir='ltr'>quem</span> <span class='ocrx_word' id='word_1_98' title='bbox 302 3175 505 3260; x_wconf 75' lang='lat' dir='ltr'>praestolata</span> <span class='ocrx_word' id='word_1_99' title='bbox 528 3182 593 3256; x_wconf 81' lang='lat' dir='ltr'>est3</span> <span class='ocrx_word' id='word_1_100' title='bbox 619 3175 717 3240; x_wconf 89' lang='lat' dir='ltr'>credo</span> <span class='ocrx_word' id='word_1_101' title='bbox 741 3174 887 3240; x_wconf 83' lang='lat' dir='ltr'>militem.</span> 
     </span>
     <span class='ocr_line' id='line_1_24' title="bbox 46 3283 801 3369; baseline -0.003 -19"><span class='ocrx_word' id='word_1_102' title='bbox 46 3285 134 3352; x_wconf 86' lang='lat' dir='ltr'>Illum</span> <span class='ocrx_word' id='word_1_103' title='bbox 158 3287 393 3365; x_wconf 65' lang='lat' dir='ltr'>student-iam</span> <span class='ocrx_word' id='word_1_104' title='bbox 418 3286 511 3369; x_wconf 88' lang='lat' dir='ltr'>queei</span> <span class='ocrx_word' id='word_1_105' title='bbox 534 3284 669 3349; x_wconf 90' lang='lat' dir='ltr'>uolturii</span> <span class='ocrx_word' id='word_1_106' title='bbox 692 3283 801 3348; x_wconf 90' lang='lat' dir='ltr'>triduo</span> 
     </span>
     <span class='ocr_line' id='line_1_25' title="bbox 45 3392 802 3480; baseline -0.001 -23"><span class='ocrx_word' id='word_1_107' title='bbox 45 3394 133 3460; x_wconf 84' lang='lat' dir='ltr'>Prius</span> <span class='ocrx_word' id='word_1_108' title='bbox 155 3395 389 3480; x_wconf 81' lang='lat' dir='ltr'>praediuinent</span> <span class='ocrx_word' id='word_1_109' title='bbox 411 3393 451 3458; x_wconf 86' lang='lat' dir='ltr'>de</span> <span class='ocrx_word' id='word_1_110' title='bbox 475 3394 572 3476; x_wconf 91' lang='lat' dir='ltr'>quoio</span> <span class='ocrx_word' id='word_1_111' title='bbox 596 3392 684 3457; x_wconf 78' lang='lat' dir='ltr'>esuri</span> <span class='ocrx_word' id='word_1_112' title='bbox 708 3393 802 3456; x_wconf 82' lang='lat' dir='ltr'>sient.</span> 
     </span>
     <span class='ocr_line' id='line_1_26' title="bbox 47 3500 920 3582; baseline -0.005 -15"><span class='ocrx_word' id='word_1_113' title='bbox 47 3502 136 3569; x_wconf 83' lang='lat' dir='ltr'>Illum</span> <span class='ocrx_word' id='word_1_114' title='bbox 159 3503 288 3569; x_wconf 83' lang='lat' dir='ltr'>inhient</span> <span class='ocrx_word' id='word_1_115' title='bbox 310 3523 437 3582; x_wconf 81' lang='lat' dir='ltr'>cmucs3</span> <span class='ocrx_word' id='word_1_116' title='bbox 458 3501 509 3566; x_wconf 91' lang='lat' dir='ltr'>illi</span> <span class='ocrx_word' id='word_1_117' title='bbox 532 3507 582 3565; x_wconf 85' lang='lat' dir='ltr'>est</span> <span class='ocrx_word' id='word_1_118' title='bbox 604 3501 738 3566; x_wconf 74' lang='lat' dir='ltr'>animue&#39;</span> <span class='ocrx_word' id='word_1_119' title='bbox 755 3500 920 3579; x_wconf 81' lang='lat' dir='ltr'>omnibue3</span> 
     </span>
     <span class='ocr_line' id='line_1_27' title="bbox 46 3606 912 3694; baseline -0.006 -19"><span class='ocrx_word' id='word_1_120' title='bbox 46 3610 93 3676; x_wconf 86' lang='lat' dir='ltr'>Mc</span> <span class='ocrx_word' id='word_1_121' title='bbox 115 3612 218 3678; x_wconf 92' lang='lat' dir='ltr'>nihilo</span> <span class='ocrx_word' id='word_1_122' title='bbox 242 3611 347 3694; x_wconf 81' lang='lat' dir='ltr'>magis</span> <span class='ocrx_word' id='word_1_123' title='bbox 369 3611 532 3694; x_wconf 81' lang='lat' dir='ltr'>respiciet,</span> <span class='ocrx_word' id='word_1_124' title='bbox 557 3609 613 3674; x_wconf 91' lang='lat' dir='ltr'>ubi</span> <span class='ocrx_word' id='word_1_125' title='bbox 636 3610 664 3673; x_wconf 83' lang='lat' dir='ltr'>is</span> <span class='ocrx_word' id='word_1_126' title='bbox 688 3606 751 3672; x_wconf 93' lang='lat' dir='ltr'>huc</span> <span class='ocrx_word' id='word_1_127' title='bbox 774 3608 912 3686; x_wconf 87' lang='lat' dir='ltr'>uenerit,</span> 
     </span>
     <span class='ocr_line' id='line_1_28' title="bbox 49 3715 962 3795; baseline -0.005 -11"><span class='ocrx_word' id='word_1_128' title='bbox 49 3717 143 3795; x_wconf 84' lang='lat' dir='ltr'>Quem</span> <span class='ocrx_word' id='word_1_129' title='bbox 169 3721 197 3786; x_wconf 82' lang='lat' dir='ltr'>ei</span> <span class='ocrx_word' id='word_1_130' title='bbox 219 3717 334 3786; x_wconf 84' lang='lat' dir='ltr'>abhinc</span> <span class='ocrx_word' id='word_1_131' title='bbox 357 3718 515 3784; x_wconf 89' lang='lat' dir='ltr'>ducentos</span> <span class='ocrx_word' id='word_1_132' title='bbox 538 3738 641 3782; x_wconf 82' lang='lat' dir='ltr'>annos</span> <span class='ocrx_word' id='word_1_133' title='bbox 663 3715 781 3780; x_wconf 81' lang='lat' dir='ltr'>fuerim</span> <span class='ocrx_word' id='word_1_134' title='bbox 805 3722 962 3780; x_wconf 86' lang='lat' dir='ltr'>mortuus.</span> 
     </span>
    </p>
   </div>
   <div class='ocr_carea' id='block_1_10' title="bbox 50 3952 1163 4440">
    <p class='ocr_par' dir='ltr' id='par_1_10' title="bbox 50 3952 1163 4440">
     <span class='ocr_line' id='line_1_29' title="bbox 126 3952 1163 4028; baseline -0.004 -16"><span class='ocrx_word' id='word_1_135' title='bbox 126 3960 175 4013; x_wconf 89' lang='grc'>323</span> <span class='ocrx_word' id='word_1_136' title='bbox 193 3973 291 4028; x_wconf 81' lang='lat' dir='ltr'>purum</span> <span class='ocrx_word' id='word_1_137' title='bbox 309 3956 458 4026; x_wconf 80' lang='lat' dir='ltr'>perdururi</span> <span class='ocrx_word' id='word_1_138' title='bbox 475 3954 526 4010; x_wconf 79' lang='lat' dir='ltr'>Bc·</span> <span class='ocrx_word' id='word_1_139' title='bbox 591 3956 749 4024; x_wconf 88' lang='lat' dir='ltr'>cpperimer</span> <span class='ocrx_word' id='word_1_140' title='bbox 766 3955 794 4008; x_wconf 93' lang='lat' dir='ltr'><em>B</em></span> <span class='ocrx_word' id='word_1_141' title='bbox 855 3957 905 4009; x_wconf 87' lang='grc'>324</span> <span class='ocrx_word' id='word_1_142' title='bbox 941 3954 1014 4008; x_wconf 88' lang='lat' dir='ltr'>ercle</span> <span class='ocrx_word' id='word_1_143' title='bbox 1033 3952 1061 4008; x_wconf 94' lang='lat' dir='ltr'><em>B</em></span> <span class='ocrx_word' id='word_1_144' title='bbox 1113 3955 1163 4008; x_wconf 78' lang='grc'>323</span> 
     </span>
     <span class='ocr_line' id='line_1_30' title="bbox 50 4038 1162 4099; baseline -0.002 -7"><span class='ocrx_word' id='word_1_145' title='bbox 50 4047 88 4094; x_wconf 78' lang='lat' dir='ltr'>ert</span> <span class='ocrx_word' id='word_1_146' title='bbox 105 4043 165 4099; x_wconf 79' lang='lat' dir='ltr'>leue</span> <span class='ocrx_word' id='word_1_147' title='bbox 235 4045 286 4098; x_wconf 85' lang='grc'>326</span> <span class='ocrx_word' id='word_1_148' title='bbox 303 4043 312 4094; x_wconf 92' lang='lat' dir='ltr'>i</span> <span class='ocrx_word' id='word_1_149' title='bbox 330 4057 379 4096; x_wconf 81' lang='lat' dir='ltr'>cm.</span> <span class='ocrx_word' id='word_1_150' title='bbox 450 4043 500 4096; x_wconf 83' lang='grc'>327</span> <span class='ocrx_word' id='word_1_151' title='bbox 519 4042 616 4095; x_wconf 76' lang='lat' dir='ltr'>edesse</span> <span class='ocrx_word' id='word_1_152' title='bbox 630 4043 672 4095; x_wconf 87' lang='lat' dir='ltr'>tui</span> <span class='ocrx_word' id='word_1_153' title='bbox 743 4041 794 4094; x_wconf 86' lang='grc'>328</span> <span class='ocrx_word' id='word_1_154' title='bbox 812 4039 870 4094; x_wconf 81' lang='lat' dir='ltr'>uitd</span> <span class='ocrx_word' id='word_1_155' title='bbox 889 4038 1046 4094; x_wconf 78' lang='lat' dir='ltr'>metiemO</span> <span class='ocrx_word' id='word_1_156' title='bbox 1112 4043 1162 4092; x_wconf 82' lang='grc'>329</span> 
     </span>
     <span class='ocr_line' id='line_1_31' title="bbox 51 4124 1098 4194; baseline 0 -16"><span class='ocrx_word' id='word_1_157' title='bbox 51 4125 96 4192; x_wconf 76' lang='lat' dir='ltr'>Qui</span> <span class='ocrx_word' id='word_1_158' title='bbox 161 4129 294 4184; x_wconf 83' lang='lat' dir='ltr'>reuccnbi</span> <span class='ocrx_word' id='word_1_159' title='bbox 311 4126 340 4182; x_wconf 92' lang='grc' dir='ltr'><em>Β</em></span> <span class='ocrx_word' id='word_1_160' title='bbox 405 4129 456 4182; x_wconf 91' lang='grc'>330</span> <span class='ocrx_word' id='word_1_161' title='bbox 474 4125 545 4194; x_wconf 72' lang='lat' dir='ltr'>Quid</span> <span class='ocrx_word' id='word_1_162' title='bbox 564 4128 619 4180; x_wconf 79' lang='lat' dir='ltr'>ium</span> <span class='ocrx_word' id='word_1_163' title='bbox 638 4143 682 4179; x_wconf 90' lang='lat' dir='ltr'>me</span> <span class='ocrx_word' id='word_1_164' title='bbox 699 4125 727 4180; x_wconf 86' lang='lat' dir='ltr'><em>B</em></span> <span class='ocrx_word' id='word_1_165' title='bbox 790 4127 838 4178; x_wconf 86' lang='grc'>331</span> <span class='ocrx_word' id='word_1_166' title='bbox 859 4125 918 4193; x_wconf 73' lang='lat' dir='ltr'>Qec</span> <span class='ocrx_word' id='word_1_167' title='bbox 936 4124 972 4192; x_wconf 86' lang='grc' dir='ltr'>Β,</span> <span class='ocrx_word' id='word_1_168' title='bbox 991 4125 1098 4194; x_wconf 81' lang='lat' dir='ltr'>quaeG</span> 
     </span>
     <span class='ocr_line' id='line_1_32' title="bbox 51 4208 1162 4284; baseline -0.002 -20"><span class='ocrx_word' id='word_1_169' title='bbox 51 4214 151 4281; x_wconf 87' lang='lat' dir='ltr'>peperit</span> <span class='ocrx_word' id='word_1_170' title='bbox 209 4215 260 4270; x_wconf 89' lang='grc'>333</span> <span class='ocrx_word' id='word_1_171' title='bbox 278 4218 389 4284; x_wconf 74' lang='lat' dir='ltr'>praesto</span> <span class='ocrx_word' id='word_1_172' title='bbox 407 4213 449 4266; x_wconf 78' lang='lat' dir='ltr'>ite</span> <span class='ocrx_word' id='word_1_173' title='bbox 466 4213 523 4266; x_wconf 78' lang='lat' dir='ltr'>latu</span> <span class='ocrx_word' id='word_1_174' title='bbox 540 4218 583 4266; x_wconf 75' lang='lat' dir='ltr'>ert</span> <span class='ocrx_word' id='word_1_175' title='bbox 643 4213 694 4266; x_wconf 79' lang='grc'>334</span> <span class='ocrx_word' id='word_1_176' title='bbox 713 4211 778 4265; x_wconf 83' lang='grc'><strong>3313</strong></span> <span class='ocrx_word' id='word_1_177' title='bbox 797 4211 913 4265; x_wconf 86' lang='lat' dir='ltr'>turiceri</span> <span class='ocrx_word' id='word_1_178' title='bbox 932 4211 987 4265; x_wconf 89' lang='lat' dir='ltr'>duo</span> <span class='ocrx_word' id='word_1_179' title='bbox 1004 4208 1040 4270; x_wconf 87' lang='grc' dir='ltr'>Β.</span> <span class='ocrx_word' id='word_1_180' title='bbox 1060 4211 1162 4264; x_wconf 89' lang='lat' dir='ltr'>ucltnri</span> 
     </span>
     <span class='ocr_line' id='line_1_33' title="bbox 52 4293 1161 4368; baseline 0.002 -20"><span class='ocrx_word' id='word_1_181' title='bbox 52 4293 218 4355; x_wconf 74' lang='lat' dir='ltr'>heridano</span> <span class='ocrx_word' id='word_1_182' title='bbox 294 4299 345 4353; x_wconf 80' lang='grc'>335</span> <span class='ocrx_word' id='word_1_183' title='bbox 364 4317 418 4368; x_wconf 93' lang='lat' dir='ltr'>quc</span> <span class='ocrx_word' id='word_1_184' title='bbox 439 4299 483 4352; x_wconf 85' lang='lat' dir='ltr'>die</span> <span class='ocrx_word' id='word_1_185' title='bbox 501 4297 559 4352; x_wconf 85' lang='lat' dir='ltr'>euri</span> <span class='ocrx_word' id='word_1_186' title='bbox 578 4298 652 4351; x_wconf 78' lang='lat' dir='ltr'>cient</span> <span class='ocrx_word' id='word_1_187' title='bbox 730 4299 781 4351; x_wconf 87' lang='grc'>336</span> <span class='ocrx_word' id='word_1_188' title='bbox 798 4297 889 4351; x_wconf 83' lang='lat' dir='ltr'>inient</span> <span class='ocrx_word' id='word_1_189' title='bbox 964 4297 1014 4350; x_wconf 80' lang='grc'>337</span> <span class='ocrx_word' id='word_1_190' title='bbox 1033 4296 1108 4350; x_wconf 89' lang='lat' dir='ltr'>nimo</span> <span class='ocrx_word' id='word_1_191' title='bbox 1130 4295 1161 4362; x_wconf 83' lang='grc' dir='ltr'>Β,</span> 
     </span>
     <span class='ocr_line' id='line_1_34' title="bbox 53 4374 703 4440; baseline 0.006 -8"><span class='ocrx_word' id='word_1_192' title='bbox 53 4374 169 4440; x_wconf 71' lang='grc'><strong>333330</strong></span> <span class='ocrx_word' id='word_1_193' title='bbox 237 4385 285 4438; x_wconf 91' lang='lat' dir='ltr'>ubi</span> <span class='ocrx_word' id='word_1_194' title='bbox 302 4385 325 4438; x_wconf 78' lang='lat' dir='ltr'>is</span> <span class='ocrx_word' id='word_1_195' title='bbox 344 4389 388 4438; x_wconf 78' lang='lat' dir='ltr'>eet</span> <span class='ocrx_word' id='word_1_196' title='bbox 405 4383 459 4437; x_wconf 89' lang='lat' dir='ltr'>huc</span> <span class='ocrx_word' id='word_1_197' title='bbox 529 4384 579 4438; x_wconf 87' lang='grc'>333</span> <span class='ocrx_word' id='word_1_198' title='bbox 597 4382 619 4436; x_wconf 87' lang='lat' dir='ltr'>ei</span> <span class='ocrx_word' id='word_1_199' title='bbox 637 4382 703 4437; x_wconf 85' lang='lat' dir='ltr'>hinc</span> 
     </span>
    </p>
   </div>
   <div class='ocr_carea' id='block_1_11' title="bbox 0 0 1437 5000">
    <p class='ocr_par' dir='ltr' id='par_1_11' title="bbox 0 0 1437 5000">
     <span class='ocr_line' id='line_1_35' title="bbox 0 0 1437 5000; baseline 0 0"><span class='ocrx_word' id='word_1_200' title='bbox 0 0 1437 5000; x_wconf 95' lang='lat' dir='ltr'> </span> 
     </span>
    </p>
   </div>
  </div>
 </body>
</html>
