3002 5000
779 455 870 512 Plauti

355 748 583 816 DORDALUS
628 747 881 815 SAGARISTIO
925 747 1108 815 TOXILUS
1153 745 1298 815 UIRGO.

720 921 929 986 Dordalus

263 1031 390 1097 Probae
412 1030 466 1096 hio
489 1033 616 1114 argenti
640 1036 716 1096 sunt
737 1033 910 1114 sexaginta
931 1031 1047 1108 minae,

264 1139 400 1205 Duobus
424 1140 565 1205 nummis
587 1139 703 1205 miuus.

711 1257 941 1340 Sagaristio

757 1366 842 1444 Quid
865 1369 895 1432 ei
917 1367 1040 1434 nummi
1063 1367 1192 1433 sciunt?

723 1487 925 1554 Dordalus

265 1597 452 1662 Cruminam
475 1595 561 1661 hano
584 1616 701 1676 emere,
724 1604 782 1661 aut
804 1595 910 1662 faeere
933 1603 970 1662 ut
992 1597 1146 1679 remigret
1170 1595 1310 1661 domum.

713 1739 942 1821 Soporr'slio

265 1847 314 1912 Ne
336 1869 402 1914 non
424 1854 476 1912 nat
498 1867 587 1913 essee
610 1847 693 1926 leno,
716 1848 750 1913 id
775 1847 953 1926 metuebam,
976 1848 1083 1926 miser,

266 1956 396 2040 Impure
419 1976 530 2036 auare,
554 1977 594 2022 ne
618 1955 802 2021 crumillam
825 1957 1014 2022 amitteres?

742 2093 910 2158 Toxilus

266 2203 350 2280 Sine,
373 2223 510 2286 quaeum
533 2202 664 2286 quando
688 2202 760 2267 leno
783 2210 844 2280 est,
867 2201 948 2267 nihil
971 2201 1088 2266 mirum
1110 2200 1198 2267 faoit.

725 2338 931 2406 Dordalus

266 2447 371 2511 Lucro
394 2446 548 2513 faciundo
572 2469 630 2530 ego
654 2449 824 2532 auopieaui
845 2449 878 2514 in
900 2448 989 2514 huno
1011 2447 1114 2529 diem;

267 2555 354 2621 Nihil
379 2555 457 2621 mibi
479 2563 548 2622 tam
570 2557 665 2640 parui
688 2563 748 2636 est,
771 2558 849 2640 quin
873 2579 924 2624 mo
945 2556 979 2622 id
1002 2557 1113 2641 pigeat
1135 2556 1282 2640 perdere.

269 2665 336 2748 Age
360 2665 472 2748 aoeipe
494 2665 555 2731 hoe
578 2665 631 2730 sio.

714 2773 943 2857 Sagaristio

666 2883 817 2948 Huncin
840 2883 968 2964 collum,
991 2883 1054 2949 uisi
1077 2884 1176 2968 piget,

268 2969 402 3053 Inpone.

726 3078 931 3143 Dordalus

444 3185 540 3265 Uero,
562 3185 630 3251 fiat.

715 3307 944 3390 Sagaristio

647 3414 752 3481 ‘Num
775 3415 855 3501 quid
879 3420 1023 3482 aeterum
1124 3441 1127 3448 ¹

269 3501 464 3566 Me'uoltis?

748 3611 910 3676 Toxilus

509 3717 594 3796 Quid
616 3726 684 3784 tam
709 3719 889 3804 properas?

716 3855 944 3939 Sagaristio

931 3964 982 4029 lta
1003 3965 1169 4047 negotium
1191 3969 1256 4044 eot;
1339 3979 1386 4034 tao
1483 4029 1484 4070 p

355 4169 477 4226 Titulam
494 4167 586 4224 ormo
683 4172 734 4224 680
751 4168 858 4222 Probat
875 4168 927 4224 ΒΟ
1022 4171 1071 4223 681
1091 4169 1181 4224 minuo
1199 4173 1242 4224 eet
1338 4169 1385 4223 683

271 4255 382 4310 antid
466 4257 518 4310 684
536 4255 687 4309 cruminam
705 4253 758 4309 ΒΟ
837 4256 888 4308 688
905 4254 995 4323 eooipi
1012 4253 1040 4308 B
1125 4255 1244 4310 aaa-89
1263 4253 1385 4324 nunquid

270 4353 395 4397 eeterum
413 4341 541 4396 Huncin
560 4341 662 4395 collum
683 4341 735 4395 nisi
753 4341 832 4410 pigot
850 4342 963 4409 impone
981 4356 1048 4396 uero
1066 4339 1115 4395 fiat
1132 4339 1182 4396 ΒΟ
