2928 4996
547 491 576 544 v.
597 494 740 546 ear-esa.
1146 504 1204 561 591

75 694 148 747 tres
177 686 295 746 dimetri
326 704 390 743 eum
419 687 613 762 paroemiam.
646 716 684 726 -
717 689 788 746 842.
821 682 905 746 domi
933 690 959 745 Δ
987 693 1016 744 et
1039 686 1146 746 Donat.
1177 689 1207 746 in

75 790 154 850 Ter.
179 791 253 848 Eun.
278 791 306 862 4,
333 791 360 860 7,
384 789 440 860 45;
470 788 506 846 ef.
530 788 567 846 ad
591 788 697 847 Baeeh.
721 791 792 848 275.
821 819 863 828 -
888 789 978 865 perat
999 791 1046 848 ed.
1071 809 1115 865 pr.
1140 786 1207 850 aiii·

75 899 174 952 micm
196 889 361 954 aduertam
383 911 420 950 ex
441 891 468 948 A
490 890 524 950 R.

173 999 244 1057 843.
285 995 356 1054 Exit
377 995 464 1052 homo
492 995 667 1064 conductus,
697 994 894 1071 sycophanta,
924 995 1083 1054 trochaicis
1111 1002 1208 1073 septe·

76 1100 179 1158 uariis
201 1100 334 1176 loquens.
380 1092 432 1156 die
453 1097 552 1169 Both,
576 1096 611 1154 ef.
635 1098 703 1154 118.
725 1125 761 1136 -
785 1093 1002 1157 Trinummum
1024 1097 1101 1156 diem
1125 1100 1207 1172 dicit,

76 1223 143 1280 quo
177 1203 235 1262 sibi
267 1208 329 1259 tres
364 1201 474 1258 nummi
507 1201 597 1277 pretii
630 1199 694 1258 loeo
729 1200 790 1258 dati
823 1203 884 1258 sint
918 1196 968 1276 (ef.
1000 1199 1089 1260 Most.
1121 1195 1206 1278 349).

76 1305 206 1364 Nummi
233 1309 332 1362 eutem
361 1301 528 1360 didr'aellmi
556 1306 626 1360 sunt
648 1305 709 1360 sive
732 1309 871 1375 stateres,
905 1323 930 1360 v.
956 1303 993 1360 ad
1017 1303 1104 1382 Epid.
1131 1306 1208 1379 5153

75 1429 137 1467 nee
162 1407 291 1467 Christis
313 1406 435 1464 eoueedi
457 1408 557 1482 potest
579 1405 654 1463 Anu.
678 1405 782 1482 philol.
807 1405 914 1464 XCVII
932 1427 961 1483 p.
981 1407 1041 1463 346
1065 1406 1121 1464 hoe
1143 1407 1208 1466 loeo

76 1513 238 1570 sestertios
261 1508 404 1585 intelligi,
439 1509 573 1584 quemvis
601 1506 721 1566 Brixius
749 1527 815 1566 eum
846 1517 996 1585 sequetur.
1050 1509 1109 1568 Sed
1137 1529 1208 1586 quo·

79 1616 168 1672 uiam
196 1606 385 1672 irinummus
413 1611 630 1669 substantivum
659 1618 718 1682 est,
753 1631 805 1669 nee
834 1612 897 1670 dies
927 1611 1074 1670 adieetivo
1104 1612 1208 1672 addite

78 1721 208 1788 notetur
230 1716 284 1776 sed
306 1716 435 1793 pretinm
457 1715 554 1789 ipsum
572 1733 629 1791 pro
648 1716 765 1772 nomine
783 1713 937 1772 habiturus
956 1721 1010 1780 est,
1036 1716 1091 1773 huc
1108 1721 1207 1774 autem

80 1817 234 1895 singulari
262 1836 385 1876 numero
412 1816 611 1893 significatur,
644 1835 765 1874 necesse
794 1823 841 1876 est
867 1836 941 1875 unus
971 1816 1079 1893 uliquis
1113 1819 1208 1877 maior

79 1941 225 1980 nummus
253 1921 344 1979 fuerit
371 1927 433 1978 tres
461 1925 588 1980 steteras
616 1919 724 1978 velens.
776 1919 856 1976 'l'alis
885 1925 982 1977 autem
1007 1923 1033 1978 si
1054 1923 1208 1996 queritur,

79 2027 135 2082 vix
170 2023 245 2082 alius
273 2023 399 2082 inveniri
426 2028 528 2100 petest
554 2041 642 2098 quem
669 2021 919 2080 tetredreelrmum
949 2023 1094 2094 Atticum,
1129 2025 1208 2101 quod

81 2126 198 2203 ubique
221 2127 446 2184 usitatissimum
468 2127 540 2197 fuit,
575 2126 654 2201 quod
683 2125 816 2201 quamvis
845 2125 977 2201 pondere
1004 2128 1093 2204 paulo
1115 2127 1209 2185 levius

80 2231 180 2288 fuerit
207 2248 295 2304 qnam
322 2235 384 2286 tres
411 2230 523 2287 nummi
545 2229 606 2287 sive
628 2233 752 2286 stateres
778 2226 886 2300 Italici,
915 2248 984 2290 nam
1006 2235 1129 2288 stateres
1151 2229 1209 2288 Te·

79 2332 198 2391 rentini
232 2332 318 2390 huius
352 2333 509 2409 temporis,
544 2333 568 2388 si
601 2329 736 2407 pondera
763 2330 891 2407 catalogi
922 2333 1015 2390 musei
1045 2333 1209 2392 Britannici

82 2435 236 2508 exegeris,
271 2434 333 2492 lere
360 2454 412 2492 sex
440 2439 605 2510 grammate
633 2433 748 2492 Gallina
774 2432 922 2511 pendunt,
957 2434 1207 2494 tetredraehmum

83 2543 187 2596 autem
211 2538 341 2596 Atticum
364 2536 571 2617 septendecim,
601 2542 708 2608 tamen,
737 2537 876 2612 quonism
899 2538 1030 2596 Atticum
1054 2546 1209 2613 argentum

83 2645 159 2698 ante
181 2641 279 2698 omnia
302 2639 499 2717 querebatur,
528 2659 585 2698 nen
609 2646 654 2697 eet
677 2639 739 2698 veri
763 2638 905 2697 dissimile
927 2659 983 2716 pro
1007 2640 1103 2699 tribus
1127 2661 1209 2699 num·
1335 2691 1339 2708 ,

83 2745 144 2801 mie
178 2743 294 2803 stetisse
328 2749 359 2800 et
391 2743 544 2800 trinummi
577 2745 694 2801 nemius
728 2743 911 2820 appellatum
945 2763 1017 2802 esse.
1058 2773 1095 2783 -
1137 2746 1207 2802 844.

88 2841 331 2918 „naugeteriee“'
355 2844 389 2903 R.
420 2844 537 2916 seribit,
571 2867 598 2904 v.
627 2846 734 2923 Opuse.
762 2844 792 2903 Il
826 2865 855 2922 p.
887 2847 959 2904 425.
1004 2845 1084 2904 Brix.
1114 2846 1151 2904 ad
1180 2868 1207 2905 v.

85 2947 164 3006 396.Ι
185 2978 227 2988 -
255 2949 326 3008 845.
357 2947 462 3024 atque,
494 2969 520 3005 v.
544 2947 581 3006 ad
606 2949 680 3007 Rud.
706 2949 797 3007 1227.
832 2948 922 3007 Poen.
951 2948 1040 3006 1011.
1068 2979 1103 2988 -
1137 2951 1208 3009 846,

82 3046 246 3126 uswrpaui
272 3046 352 3110 meis
380 3052 421 3122 A,
456 3052 475 3110 i.
504 3072 529 3108 e.
559 3052 681 3128 contigi,
718 3052 752 3110 ef.
783 3051 820 3109 ad
848 3050 929 3108 Pers.
961 3053 1031 3110 733.
1062 3081 1102 3090 -
1137 3053 1208 3109 847.

83 3145 181 3224 maii,
210 3153 246 3214 ef.
275 3151 364 3212 Most.
395 3155 464 3212 520.
496 3181 533 3192 -
565 3155 634 3211 848.
668 3147 752 3228 Quin
774 3155 813 3226 A,
843 3154 879 3212 ef.
910 3152 948 3210 ad
971 3154 1038 3213 Aul.
1069 3156 1139 3214 291.
1167 3183 1209 3194 -

84 3270 250 3316 nummum
278 3255 312 3314 R.
368 3250 457 3315 hasce
480 3257 514 3314 A.
549 3286 591 3294 -
625 3257 694 3313 850.
724 3252 773 3326 ici,
810 3278 837 3314 v.
867 3256 903 3313 ad
931 3255 1024 3314 Stich.
1056 3259 1124 3316 109.
1159 3256 1209 3315 Br.
1298 3239 1302 3244 ⁵

85 3361 125 3418 ad
152 3360 179 3418 h.
199 3359 217 3416 l.
240 3353 414 3429 -solide,
439 3358 474 3416 cf.
494 3359 564 3416 892.
585 3388 625 3397 -
648 3349 892 3434 851.'fuitpiu0;
915 3365 1038 3435 propter
1060 3363 1209 3436 ingentem

84 3469 222 3542 petasum
246 3481 311 3520 cum
335 3461 426 3538 fungo
448 3467 648 3538 eomparatur.
699 3458 801 3536 eapite
816 3476 851 3520 se
867 3463 893 3518 Δ
911 3469 940 3536 et
958 3461 1094 3539 Fulgeut.
1112 3462 1208 3537 Myth.

85 3568 125 3638 Il,
153 3569 180 3624 2.
217 3593 254 3606 -·-
290 3566 360 3624 852.
395 3559 544 3623 Hilurica
565 3565 605 3634 A,
639 3566 658 3622 i.
683 3583 709 3621 e.
739 3564 870 3639 Illyrica,
906 3586 932 3622 v.
960 3564 1039 3621 Men.
1065 3565 1135 3623 233.
1170 3593 1210 3603 -

86 3699 123 3710 -
155 3669 226 3727 858.
259 3661 488 3738 οοποὶῑέααθνίέ,
519 3669 639 3738 emerit,
663 3688 689 3725 v.
715 3667 751 3724 ed
775 3667 858 3743 Capt.
885 3668 953 3725 131.
984 3694 1024 3706 -·
1053 3668 1210 3727 eir-60.

86 3772 238 3848 Ladewig.
263 3770 369 3830 Philol.
392 3768 475 3828 XVII
497 3790 526 3847 p.
552 3772 611 3828 255
635 3772 753 3846 spurios
776 3789 840 3826 esse
862 3769 1090 3841 animadvertit,
1124 3772 1211 3829 nimis

86 3877 167 3934 euim
190 3875 292 3953 inepta
313 3879 392 3932 sunt.
443 3872 488 3931 De
515 3867 646 3949 chorapo
673 3892 698 3930 v.
723 3873 760 3931 ad
789 3872 874 3930 Cure.
899 3873 970 3930 460.
1005 3900 1047 3911 -
1080 3869 1210 3932 circum-

86 3975 207 4049 ducere,
231 3978 251 4035 i.
275 3997 300 4034 e.
325 3976 530 4035 fraudulenter
551 3975 680 4051 privare,
699 3975 758 4033 vid.
785 3977 856 4034 959.
892 3973 995 4033 Baeeh.
1021 3976 1092 4033 308.
1119 3977 1208 4034 1183.

86 4079 198 4138 Pseud.
221 4081 294 4138 431.
319 4081 389 4138 530.
427 4078 517 4136 Poen.
543 4079 613 4135 974.
664 4077 749 4135 Notae
772 4078 901 4135 miniates
924 4081 954 4136 in
977 4077 1042 4137 cod.
1069 4079 1090 4135 B
1113 4081 1211 4136 versui

88 4183 151 4241 858
175 4182 284 4241 addite
307 4180 379 4257 qnid
401 4179 574 4256 significent,
599 4181 781 4254 ignoramus.
804 4210 846 4219 —
879 4180 949 4239 861.
977 4173 1077 4254 Quam
1098 4176 1209 4256 irrupit,

87 4306 114 4344 v.
141 4285 177 4342 ad
201 4284 284 4342 Asin.
312 4285 381 4341 157.
409 4313 450 4323 -
480 4277 569 4342 Mira
598 4282 686 4354 sent,
721 4301 748 4340 v.
773 4281 810 4338 ad
833 4282 942 4359 Amph.
967 4283 1038 4341 279.
1071 4311 1107 4322 -
1138 4283 1209 4340 862.

88 4383 282 4460 dormitator,
306 4386 363 4458 fur,
388 4389 423 4444 ef.
442 4387 513 4458 984,
537 4389 588 4462 qui
605 4385 734 4443 interdiu
754 4384 906 4458 dormitet,
930 4391 963 4442 nt
987 4391 1075 4442 noctu
1098 4385 1208 4460 vigilet,
1290 4357 1297 4378 ⁸
