2920 4998
40 1672 115 1773 llaec
145 1713 253 1772 fabule
279 1715 310 1772 in
338 1714 532 1773 describendo
560 1714 639 1772 felici
670 1714 699 1772 in
729 1716 858 1792 patriam
886 1713 985 1775 reditu
1013 1719 1044 1772 et
1065 1715 1170 1774 hilari·
1212 1747 1219 1760 ·

41 1821 113 1874 tate·
130 1835 202 1875 oum
227 1835 263 1876 eo
286 1817 442 1876 coniuncta
464 1821 607 1876 versatur.
654 1815 727 1874 Duae
750 1834 866 1875 sorores
888 1815 1003 1876 duobus
1028 1817 1172 1876 fratribus

42 1926 223 1995 nupserant.
268 1919 306 1978 Hi
335 1937 426 1992 quum
451 1919 483 1978 in
505 1921 576 1978 luxu
599 1924 630 1977 et
651 1919 856 1996 voluptatibus
878 1919 1021 1992 degentes
1044 1939 1105 1978 rem
1128 1920 1171 1978 fa-

44 2022 195 2080 miliarem
218 2021 432 2099 perdidissent,
461 2021 627 2080 maledictis
649 2023 746 2082 soceri
768 2023 919 2095 commoti,
950 2027 985 2080 nt
1006 2027 1173 2081 mercatura

45 2143 107 2182 rem
124 2129 351 2202 recuperarent,
374 2143 499 2201 peregre
516 2124 659 2185 abierant.
695 2125 827 2184 Tertium
844 2126 904 2183 iam
923 2144 1032 2183 annum
1055 2126 1171 2199 absunt,

46 2245 98 2286 nec
126 2227 203 2305 quid
232 2229 269 2286 iis
299 2227 410 2286 factum
434 2229 473 2286 sit
494 2232 618 2286 constat.
664 2227 753 2286 Peter
777 2247 883 2286 avarus
905 2227 981 2286 filias
1004 2229 1088 2288 novis
1110 2248 1171 2286 ma·

47 2330 199 2390 trimoniis
229 2332 351 2406 iungere
379 2330 494 2405 studet,
528 2329 579 2388 sed
606 2349 714 2388 uxores
741 2329 879 2389 fidelibus
908 2333 1011 2388 animis
1041 2334 1173 2390 virorum

48 2431 177 2492 reditum
202 2439 385 2509 exspectant.
430 2434 490 2492 Nec
514 2435 709 2493 constantiam
735 2433 896 2491 frustratur
918 2453 1015 2492 rerum
1040 2440 1172 2493 eventus.

49 2533 121 2593 Nam
146 2536 219 2594 dnm
243 2538 404 2596 arcessitur
425 2538 592 2614 parasitus,
616 2541 651 2596 ut
673 2535 711 2596 ad
733 2543 852 2614 portum
876 2538 1029 2608 mittatur,
1053 2539 1078 2595 si
1102 2536 1173 2613 quid

50 2641 116 2696 novi
151 2640 311 2716 explorare
338 2642 450 2718 possit,
485 2659 588 2698 servus
615 2660 633 2698 a
658 2644 748 2717 portu
776 2639 858 2697 venit
891 2640 1017 2698 alterum
1051 2640 1173 2698 fratrem

51 2739 107 2797 iam
128 2741 246 2800 redisse
267 2746 421 2816 nuntians,
449 2742 575 2801 alterum
599 2761 667 2800 mox
690 2742 885 2801 rediturum·
916 2741 1053 2801 Redeunt
1075 2749 1173 2801 autem

52 2861 81 2898 re
109 2843 187 2903 bene
217 2849 301 2921 geete
328 2846 501 2920 magnisque
529 2845 625 2921 partis
653 2843 773 2923 opibus,
807 2849 841 2903 ut
868 2863 926 2902 non
953 2865 1062 2904 uxorea
1096 2846 1174 2906 solas

54 2961 164 3006 summa
183 2947 315 3007 afficiant
332 2948 445 3020 latitia,
465 2946 518 3006 sed
536 2949 623 3005 etiam
642 2967 706 3005 cnm
723 2967 827 3006 socero
845 2947 983 3006 facillime
1000 2949 1031 3008 in
1048 2950 1172 3024 gretiam

53 3047 182 3110 redeant.
229 3049 395 3122 Parasitus,
419 3069 478 3126 quc
500 3052 579 3108 socio
602 3053 633 3108 et
654 3050 790 3108 adiutore
813 3071 874 3109 rem
899 3051 1074 3122 amiserant,
1098 3049 1174 3107 ludi·

55 3145 116 3210 brio
144 3152 265 3212 habitus
295 3153 465 3228 ablegatur,
499 3153 617 3212 Stichus
647 3158 746 3212 autem
776 3172 894 3227 servus,
929 3155 980 3230 qui
1009 3153 1112 3211 herum
1143 3155 1174 3212 in

54 3250 157 3314 itincre
181 3257 340 3316 comitatus
362 3263 438 3328 erat,
468 3255 542 3316 cado
570 3257 631 3314 vini
659 3255 801 3330 donatur,
830 3277 888 3334 qno
911 3277 942 3316 se
965 3261 995 3314 et
1017 3276 1175 3316 conservos

56 3353 196 3430 oblectet,
230 3360 388 3436 fabulaque
411 3359 448 3417 ab
476 3360 563 3419 anxia
585 3379 720 3419 sororum
742 3359 941 3418 sollicitudine
964 3379 1031 3418 orsa
1053 3361 1083 3417 in
1107 3379 1174 3418 con·

57 3457 133 3518 rivio
155 3467 185 3520 et
207 3463 414 3522 comissatione
436 3481 588 3522 servorum
611 3465 795 3520 terminatur.

138 3563 225 3636 Quod
253 3566 345 3640 igitur
375 3565 551 3624 Plutarchus
579 3565 610 3623 in
638 3564 671 3624 L.
702 3564 821 3624 Luculli
848 3568 910 3624 vita
942 3559 979 3639 (c.
1005 3559 1058 3642 39)
1089 3564 1175 3623 huius

59 3661 241 3740 imperatoris
263 3669 354 3728 vitam
377 3689 442 3727 cnm
465 3673 587 3745 antiqua
609 3669 759 3729 comoedia
781 3672 944 3746 comparat,
968 3667 1050 3726 enine
1072 3669 1176 3744 priora

60 3783 102 3824 res
123 3769 257 3845 publicas
279 3777 311 3829 et
329 3771 458 3844 bellicas,
482 3773 648 3848 posteriora
670 3791 755 3830 cenas
778 3775 808 3828 et
831 3771 966 3830 convivia
988 3775 1017 3828 et
1039 3771 1175 3828 comissa·

61 3869 150 3932 tiones
173 3893 239 3933 cum
263 3875 377 3933 lacibus
401 3878 430 3932 et
451 3877 531 3932 omni
553 3875 620 3934 lnsu
642 3875 765 3946 habeat,
799 3874 832 3932 id
861 3877 949 3932 etiam
979 3872 1016 3932 sd
1044 3872 1175 3931 Stichum

62 3965 220 4036 Plautinum
255 3979 440 4050 conveniret,
475 3977 563 4036 modo
597 3997 633 4034 ex
666 3977 841 4035 recentioris
871 3976 1029 4035 comoedias
1062 3977 1176 4034 ratione

63 4073 177 4144 private
206 4082 250 4138 rei
273 4099 357 4138 curas
384 4079 513 4158 publicis
540 4079 712 4138 substituas.
768 4078 826 4138 Sed
855 4081 988 4155 quamvis
1015 4079 1112 4137 exitus
1140 4079 1176 4136 ab

63 4171 142 4236 initio
159 4182 316 4261 discrepet,
333 4189 432 4242 tamen
450 4183 575 4259 simplex
593 4182 752 4242 admodum
771 4188 815 4242 est
832 4187 1049 4258 argumentum,
1068 4182 1177 4259 quippe

66 4279 137 4350 quod
157 4305 209 4344 nec
232 4285 325 4344 nodos
347 4287 498 4344 contineat
513 4305 665 4344 servornm
683 4287 795 4344 astutia
813 4285 971 4344 solvendos
988 4305 1042 4345 nec
1061 4302 1176 4342 errores

66 4395 97 4436 0¹
126 4385 211 4465 longa
243 4389 332 4450 turba
364 4395 395 4446 'et
428 4389 629 4447 sollicitudine
662 4389 781 4446 tandem
819 4387 899 4446 felici
938 4407 1037 4446 rerum
1071 4389 1177 4445 eventu

920 4499 973 4556 ὅδ’
