2930 5002
768 467 861 522 praua
1193 469 1356 538 11,4,r-a

706 656 921 737 Sceparnio

398 766 460 830 Pro
484 765 516 830 di
539 765 741 844 inmortales
763 765 899 831 Ueneris
922 765 1031 848 effigia
1053 765 1137 830 haec
1159 767 1287 850 quidem
1308 774 1356 832 est.

253 875 350 940 Utin
375 873 487 939 ocellis
511 873 690 938 hilaritudo
713 875 776 939 estl
800 874 884 953 heia,
907 895 1026 957 eorpus
1049 875 1167 958 quoius
1190 875 1289 940 modi!

254 983 511 1061 Subuolturium,
534 982 615 1047 illud
639 981 768 1066 quidem
793 983 1021 1067 ’subaquilum’
1044 982 1134 1048 uolui
1158 985 1275 1049 dicere.

254 1091 313 1158 Uel
331 1091 473 1176 papillae
491 1093 607 1174 quoius
625 1091 725 1156 modi!
750 1097 820 1155 tum
837 1111 923 1175 quae
941 1091 1069 1157 indoles
1087 1092 1119 1155 in
1133 1093 1226 1158 sauia
1239 1093 1300 1159 estl
1316 1109 1358 1161 lna

700 1213 768 1274 Am
802 1211 927 1274 eliaca

253 1321 324 1386 Non
342 1340 402 1400 ego
423 1341 495 1384 sum
512 1319 658 1402 pollucta
674 1339 758 1402 pago
768 1231 890 1402 ;ppotin
911 1326 948 1383 ut
965 1340 1016 1383 me
1034 1318 1203 1385 abstineas
1219 1320 1358 1385 manum?

704 1447 923 1529 Sceparnio

252 1559 325 1625 Non
348 1560 425 1624 lieet
446 1565 480 1624 te
504 1560 551 1623 sic
573 1557 737 1642 placidata
759 1557 878 1623 bellam
901 1558 987 1624 belle
1009 1561 1166 1642 tangere?

701 1679 769 1741 Am
805 1678 926 1743 eliaca

254 1787 362 1852 Otium
387 1787 443 1853 ubi
466 1787 537 1864 erit
560 1792 630 1850 tum
652 1786 711 1850 tibi
735 1699 866 1870 opiram
890 1787 968 1852 ludo
993 1793 1026 1852 et
1049 1786 1188 1851 deliciae
1212 1787 1303 1853 dabo.

252 1896 362 1975 Nune,
395 1917 495 1979 quam
525 1894 566 1959 ob
595 1917 664 1959 rem
693 1894 756 1959 huc
778 1915 847 1959 sum
871 1896 984 1973 missa,
1017 1895 1135 1960 amabo
1158 1894 1213 1960 uel
1235 1902 1270 1961 tu
1292 1894 1360 1959 mihi

966 2003 1036 2068 aias
1057 2003 1112 2067 uel
1134 2023 1242 2086 neges.

704 2122 922 2201 Sceparnio

253 2232 337 2309 Quid
360 2253 447 2296 nunc
470 2231 542 2295 uis?

698 2339 923 2418 Ampelisca

478 2447 624 2531 Sapienti
647 2454 782 2512 ornatus
805 2448 884 2530 quid
906 2449 1005 2512 uelim
1027 2448 1184 2513 indicium
1207 2447 1295 2514 lacit.
1318 2465 1363 2518 445

704 2567 730 2632 S
737 2588 774 2631 ee
807 2569 920 2632 annio

250 2677 342 2743 Meus
361 2697 491 2762 quoque
509 2675 563 2740 hie
579 2676 718 2758 sapienti
738 2588 875 2742 orllatus
893 2677 971 2759 quid
991 2675 1088 2740 uelim
1107 2676 1262 2742 indicium
1280 2677 1362 2742 facit.

697 2795 925 2877 Ampelisca

250 2907 340 2971 Haeo
356 2903 509 2970 sacerdos
526 2903 663 2969 Ueneris
682 2903 758 2968 hinc
775 2926 826 2968 me
844 2926 863 2969 a
880 2903 975 2968 uobis
992 2903 1090 2968 iussit
1107 2909 1219 2988 petere
1241 2925 1363 2990 aquarn

703 3030 770 3094 See
803 3032 920 3095 annio

249 3141 293 3205 At
315 3160 374 3223 ego
397 3139 553 3204 basilicus
576 3159 656 3218 sum,
680 3051 864 3220 quempnisi
887 3159 971 3216 orae,
993 3144 1122 3220 guttam
1145 3160 1211 3203 non
1233 3138 1328 3206 feres.

171 3252 173 3256 ’
249 3249 368 3315 Nostro
390 3249 482 3313 illum
505 3254 640 3331 puteum
663 3247 785 3331 periclo
809 3255 842 3311 et
864 3247 1071 3312 ferramentis
1094 3245 1245 3314 indimus.

249 3358 319 3422 Nisi
343 3358 452 3420 multis
475 3356 642 3421 blanditiis
665 3376 685 3420 a
708 3377 758 3420 me
780 3361 874 3438 gutta
895 3378 960 3421 non
982 3355 1060 3420 ferri
1084 3363 1201 3439 potest.
1318 3375 1364 3427 430

690 3497 922 3577 Antp'elieca

249 3607 315 3674 Cur
333 3617 368 3673 tu
386 3630 505 3692 aquam
524 3628 663 3690 grauate
681 3606 807 3683 amabo,
826 3628 923 3689 quam
942 3607 1045 3672 hostis
1057 3606 1143 3672 hosti
1155 3608 1362 3675 commodat?

701 3742 917 3824 Sceparnio

248 3851 314 3918 Cur
336 3862 372 3918 tu
395 3873 526 3935 operam
551 3873 690 3934 grauare
714 3851 802 3931 mihi,
827 3874 923 3936 quam
947 3853 1029 3918 ciuis
1052 3853 1116 3917 ciui
1135 3854 1347 3920 commodat?

333 4095 384 4145 417
402 4093 441 4145 (1ίί
534 4093 585 4143 420
602 4091 719 4144 insalost
737 4091 763 4145 B
862 4094 913 4147 422
931 4091 1040 4160 placide
1142 4093 1192 4145 423
1212 4089 1370 4147 delitineG

247 4179 299 4231 424
318 4178 375 4230 alas
457 4179 508 4231 425
525 4177 652 4230 inditium
673 4177 696 4234 0
774 4178 824 4230 427
843 4175 937 4232 HieG
1017 4181 1115 4246 petere
1133 4195 1234 4245 aquam
1252 4177 1367 4233 inscita

248 4263 329 4318 uobis
413 4265 464 4317 428
483 4262 627 4316 bessilicus
645 4263 679 4330 B,
701 4261 892 4317 BasiliscusG
966 4265 1017 4317 429
1034 4261 1091 4317 Nos
1109 4279 1160 4332 pro
1240 4263 1366 4333 periculo

247 4351 298 4415 422
316 4349 457 4403 e'omffidat
474 4347 501 4400 B
