2920 4998
246 477 307 537 556
744 470 865 526 Stichus.

245 671 299 741 eet,
323 666 457 725 consulto
475 665 579 724 eodem
595 669 724 743 repetito
745 664 905 738 vocabn103
929 665 981 724 R.:
1008 684 1140 740 „mecum
1155 685 1189 724 ea
1201 661 1376 736 itidemst“;

245 767 298 827 sed
327 769 363 826 cs.
388 769 423 827 de
450 769 554 827 aulem
581 769 620 826 ad
648 767 711 827 Mil.
738 769 829 828 1143.
862 797 903 808 —
940 765 1036 840 „utri“
1067 787 1122 848 pro
1153 763 1282 841 „alteri“
1318 768 1377 827 dici

244 892 304 930 uon
331 875 438 947 potest.
499 869 624 930 Guictus
653 889 706 929 em.
736 865 844 930 neutri
852 914 858 945 ,
892 875 927 929 nt
956 871 1067 948 duplex
1098 873 1219 948 negatio
1248 873 1292 928 sit
1320 891 1376 948 pro

244 974 387 1050 simplici,
412 993 439 1032 v.
469 972 507 1030 ad
535 973 599 1032 Mil.
626 975 717 1032 1403.
762 972 834 1032 Luc.
860 971 994 1032 Mueller.
1025 973 1063 1032 ad
1092 972 1187 1032 Lucil.
1210 971 1317 1044 nvn,
1347 972 1375 1031 5.

245 1075 331 1148 Quod
363 1075 461 1134 hiatus
495 1095 584 1134 causa
616 1081 829 1152 transponunt:
873 1077 989 1143 „neutri
1021 1071 1157 1148 neuter“,
1192 1095 1220 1134 r.
1253 1073 1376 1150 Proleg.

243 1199 272 1256 p.
301 1179 358 1237 183
383 1183 413 1236 ot
436 1179 507 1236 220.
530 1208 572 1217 —
601 1178 672 1237 733.
706 1173 786 1237 salis
809 1177 910 1250 codd.;
946 1177 995 1237 R.:
1029 1174 1165 1251 „eetist“.
1196 1205 1235 1218 -
1267 1179 1376 1254 eptae

245 1273 606 1354 111115101ωῆ-
631 1281 701 1339 734.
735 1271 866 1351 Censeo,
892 1301 919 1340 r.
944 1279 982 1338 ed
1003 1279 1110 1358 Amph.
1136 1281 1206 1340 959.
1231 1309 1273 1319 -
1301 1282 1373 1339 736.

243 1377 519 1442 melisenses.
545 1411 581 1422 -
608 1385 677 1442 739.
709 1377 859 1455 si...ei,
883 1381 1041 1458 anaphorae
1062 1380 1159 1458 figura
1180 1381 1289 1439 Plauto
1315 1401 1375 1440 non

244 1486 332 1544 nimis
355 1488 473 1558 usitata,
498 1483 533 1543 cf.
557 1490 654 1544 temen
676 1484 759 1544 Pers.
779 1486 849 1544 836.
873 1484 952 1545 Rud.
974 1487 1055 1544 1167
1071 1505 1116 1562 sq.
1139 1483 1221 1542 Trin.
1244 1485 1309 1542 229
1331 1505 1373 1561 sq.
1450 1503 1451 1506 ’

244 1587 363 1647 Trucul.
388 1588 458 1647 924.

330 1693 400 1750 740.
440 1689 512 1748 Exit
534 1689 729 1767 Stephanium
753 1695 871 1767 compta
894 1693 924 1746 et
947 1694 1061 1747 ornate.
1114 1685 1237 1763 „uobis“
1275 1689 1374 1748 delevi

244 1814 345 1852 versus
369 1813 472 1865 cause,
497 1791 530 1850 R.
558 1788 813 1869 „Morigerabor“.
832 1821 873 1832 -
894 1792 964 1849 741.
989 1785 1048 1851 hue
1070 1790 1210 1865 Scaliger.
1233 1821 1275 1832 -
1299 1794 1373 1850 743.

244 1891 340 1969 lauta,
364 1916 401 1954 ex
421 1889 574 1954 muliebre
598 1895 720 1954 auditur
741 1895 857 1966 mulier,
882 1913 910 1952 r.
933 1894 971 1951 ed
994 1893 1058 1953 Mil.
1085 1897 1154 1954 187.
1177 1924 1219 1933 -
1250 1885 1373 1964 infecto
1451 1875 1452 1930 Ῑ

244 1997 304 2067 eei,
329 1999 438 2056 infectu
461 1997 518 2056 sibi
541 1997 671 2057 videtur.
701 2028 743 2037 —
773 1998 843 2056 744.
879 1992 1032 2072 repperi&
1069 1993 1240 2076 „reperiet“
1266 1995 1373 2057 Goetz.

243 2121 309 2160 cum
332 2101 534 2159 Fuhrmanuo.
563 2129 605 2140 -
635 2100 707 2158 747.
742 2095 841 2159 Totus
871 2101 960 2158 etiam
990 2103 1084 2158 altero
1107 2101 1171 2158 loco
1195 2099 1372 2158 Saracenos.

243 2233 284 2242 -
301 2203 388 2262 tanto
410 2197 566 2276 miserior,
590 2224 616 2261 v.
641 2203 679 2262 sd
698 2203 804 2262 Bacch.
826 2205 896 2262 208.
917 2231 959 2243 -
982 2206 1052 2263 748.
1082 2195 1195 2264 Utrum·
1217 2201 1310 2275 Cam,
1336 2205 1371 2260 cf.
1452 2265 1453 2268 ,

245 2308 315 2364 695.
335 2335 373 2345 -
393 2307 465 2363 749.
488 2299 626 2380 uapulal,
650 2306 804 2384 plectitur,
827 2307 915 2384 perit.
962 2305 1078 2365 Stichus
1096 2327 1194 2366 umore
1214 2311 1371 2384 correptus
1452 2305 1453 2308 ’

242 2408 385 2484 intelligit
413 2429 444 2467 se
467 2427 544 2484 aegre
567 2407 729 2485 quidquam
753 2407 918 2487 Stephunio
942 2428 1053 2487 negare
1075 2429 1177 2487 posse,
1200 2410 1369 2486 periturum

246 2529 308 2569 esse
331 2511 413 2569 videt
434 2511 583 2588 peculium
600 2531 694 2585 suum,
718 2530 786 2587 quo,
810 2511 861 2571 ubi
877 2514 951 2570 satis
970 2513 1120 2588 crevisset,
1144 2511 1181 2568 ad
1199 2511 1370 2569 libertatem
1453 2571 1454 2582 ,

245 2613 396 2672 emendam
420 2632 527 2671 usurus
550 2619 625 2672 erut.
658 2641 694 2653 -·
726 2615 798 2673 750.
835 2609 905 2674 iim
927 2607 1027 2674 milti?
1057 2613 1150 2673 Stichi
1173 2614 1267 2672 verbu
1288 2621 1370 2672 sunt.
1453 2593 1454 2630 ³

244 2715 336 2789 Tune,
360 2718 471 2793 inquit,
500 2717 622 2792 quaeris,
646 2735 715 2774 num
738 2717 810 2776 mihi
832 2713 971 2796 plocees?
1004 2735 1071 2774 nem
1095 2717 1228 2775 condicio
1252 2717 1369 2776 dubita·

243 2819 356 2877 tionem
384 2819 525 2877 continet.
576 2817 750 2894 Superiores
779 2819 847 2881 edd.
877 2821 938 2879 haec
965 2817 1130 2896 Stephanio
1158 2819 1371 2877 continuerunt

245 2941 310 2980 cum
333 2921 356 2981 0
381 2917 483 2996 „tum“
514 2921 691 2993 scribentem
725 2921 759 2980 R.
788 2917 905 2996 „nam“.
943 2951 983 2962 -
1019 2922 1090 2980 751.
1124 2935 1192 2980 esse
1218 2940 1275 2998 pro
1301 2919 1369 2992 „ei‘

244 3023 326 3082 Pius.
360 3052 401 3063 -
441 3017 614 3099 Dispere03
654 3023 801 3101 affligitur
833 3025 915 3103 quod
949 3023 1143 3103 Stephanium
1177 3045 1208 3082 se
1241 3023 1371 3082 alterum

246 3125 334 3184 alteri
365 3127 506 3205 preferre
538 3132 637 3203 negat.
699 3127 807 3204 ltaque
846 3127 883 3185 ad
917 3127 1083 3186 saltandum
1117 3147 1183 3186 eam
1216 3134 1369 3206 provocat.

247 3221 333 3302 Quid
360 3222 434 3288 ais?
466 3228 501 3287 cf.
528 3231 597 3287 617.
632 3259 674 3268 -
710 3224 797 3305 Quid
823 3223 891 3288 eei?
923 3229 1061 3289 Wsieius.
1112 3230 1277 3308 Stephanio
1305 3229 1371 3288 haec

244 3329 328 3402 dedi,
364 3349 429 3406 qum
458 3330 587 3390 editores
619 3333 790 3409 superiores
818 3331 933 3406 Sticho,
966 3332 1001 3391 R.
1031 3331 1176 3407 Sangario
1211 3332 1369 3404 dederunt,

245 3431 332 3492 credo
360 3439 487 3512 propter
513 3427 588 3493 haec
613 3435 742 3512 proximi
769 3454 881 3494 versus.
937 3435 994 3494 Sed
1022 3455 1050 3494 r.
1076 3437 1136 3495 752
1165 3435 1283 3496 Stichus
1309 3434 1370 3493 sibi

244 3534 331 3610 dicit,
365 3537 426 3595 753
457 3537 574 3594 demum
597 3535 791 3614 Stephanium
822 3537 995 3614 alloquitur.
1039 3533 1095 3614 fiet
1124 3537 1170 3596 ed.
1202 3557 1246 3615 pr.
1292 3533 1369 3612 quin

244 3635 324 3696 Cam.
342 3668 384 3679 -
407 3640 479 3698 753.
501 3633 614 3712 mulsa,
639 3639 674 3697 cl.
694 3639 758 3700 Ces.
778 3643 852 3700 351:
887 3659 969 3712 „mea
986 3637 1111 3698 mulsa“.
1135 3639 1174 3698 ad
1192 3639 1280 3698 Poen.
1294 3641 1366 3698 322.

244 3769 285 3779 —
309 3742 381 3802 754.
404 3741 476 3800 Post
496 3757 545 3800 me
566 3743 681 3817 hiatus;
712 3743 746 3800 R.
770 3763 836 3802 cum
859 3741 966 3801 Guieto
992 3739 1107 3815 „med“.
1131 3771 1173 3782 —
1197 3745 1267 3801 755.
1291 3743 1366 3814 tum,

243 3861 271 3900 v.
296 3842 333 3901 ed
355 3843 444 3902 Most.
471 3846 541 3905 658.
565 3874 607 3885 -
636 3840 707 3904 daie
729 3837 826 3919 bibat,
858 3843 894 3904 of.
919 3845 983 3904 Cat.
1007 3845 1043 3904 R.
1065 3845 1100 3904 R.
1125 3847 1164 3904 73
1189 3851 1219 3902 et
1244 3847 1311 3916 157,
1335 3847 1365 3904 9.

244 3973 286 3986 -
309 3947 368 4006 756
393 3952 488 4006 totum
511 3947 655 4024 Sangario
678 3947 763 4016 dedi;
787 3951 858 4006 cett.
881 3947 949 4005 edd.
973 3949 1052 4006 inter
1070 3952 1230 4024 utrumque
1247 3965 1364 4006 serrum

244 4047 437 4108 distribuunt.
483 4049 609 4110 Omnino
631 4070 822 4128 personarum
852 4049 1023 4110 distributio
1050 4051 1080 4107 in
1108 4049 1163 4108 hac
1185 4069 1271 4108 soene
1293 4051 1365 4106 sat-is

243 4151 357 4209 incerta
379 4155 433 4211 est.
474 4148 620 4226 postidea
643 4149 712 4226 loci,
736 4153 772 4212 cf.
796 4152 866 4212 Cist.
892 4153 964 4212 618.
987 4183 1029 4192 -
1053 4154 1123 4212 757.
1146 4148 1184 4225 ei,
1207 4173 1234 4211 v.
1248 4152 1362 4211 edAnl.

245 4254 315 4313 348.
340 4253 407 4312 add.
431 4252 516 4329 (lapi.
541 4256 612 4314 250.
636 4256 703 4315 Ter.
728 4254 846 4314 Phorm.
872 4257 944 4316 248.
998 4250 1146 4314 emmiu
1168 4255 1265 4331 Cam,
1295 4258 1313 4313 i.
1336 4275 1362 4314 e.

244 4355 388 4430 ebiberit,
422 4357 458 4416 cl.
483 4357 521 4415 ad
548 4357 657 4434 Amph.
680 4359 752 4417 426.
782 4387 824 4398 -
859 4359 930 4416 758.
966 4353 1174 4431 cinaedieum,
1208 4357 1365 4417 libidinoso
