2898 4996
71 531 105 600 ΙΙ,
124 536 149 599 2,
166 533 268 588 ec-48
569 531 686 586 Stichus.

523 721 729 786 Pinacium

639 828 703 895 Alii
727 828 816 920 iigua
839 826 981 908 ceediie3

71 938 131 1004 Alii
154 939 253 1021 piscis
276 932 465 1018 depurgato,
489 953 570 1016 quos
594 933 725 1016 piscatu
746 930 861 998 rettuli
869 934 884 1011 ;'
1136 951 1190 1005 360

71 1047 206 1113 Pernam
229 1052 262 1112 et
284 1041 451 1128 glaudium
474 1041 603 1106 deicite.
1131 1049 1134 1054 ·

453 1198 456 1206 ’
511 1194 743 1272 Gelasimus

508 1286 529 1345 '-
596 1301 657 1367 Hic
679 1302 788 1368 hercle
810 1302 908 1370 homo
931 1305 1068 1372 nimium
1092 1309 1188 1390 sapit.

519 1445 737 1528 Pancpyrie

71 1557 140 1625 Non
162 1565 301 1636 ecastor,
324 1563 363 1624 ut
385 1575 443 1640 ego
467 1556 592 1640 opinor,
618 1557 698 1622 satis
722 1575 799 1622 erae
822 1576 944 1622 morem
968 1556 1062 1640 geris

526 1708 733 1776 Pinacium

73 1820 245 1887 immores
269 1819 373 1886 omnis
395 1817 529 1883 relictas
553 1818 659 1883 habeo
683 1837 760 1901 pree
785 1819 872 1902 quod
895 1826 931 1884 tu
953 1820 1047 1885 uelis.

516 1971 622 2038 Pane
680 1975 738 2038 ric

75 2081 149 2148 Tum
173 2091 209 2148 tu
232 2083 344 2166 igitur,
368 2102 434 2166 qus
457 2101 557 2146 cause
579 1994 697 2146 misysire
722 2101 755 2146 es
779 2081 820 2146 ad
845 2088 986 2164 portum,
1009 2081 1043 2148 id
1062 2082 1190 2166 expedi.

531 2234 735 2300 Pinacium

75 2343 192 2411 Dicam.
237 2343 417 2428 Postquam
435 2365 485 2408 me
504 2343 621 2408 misisti
640 2342 682 2408 ed
700 2349 830 2427 portum
850 2363 921 2408 eum
939 2342 1004 2409 luci
1016 2345 1121 2422 simul,
1141 2362 1194 2415 865

76 2450 283 2519 Commodum
307 2452 458 2517 radiosus
480 2471 557 2516 ccco
580 2451 630 2516 sol
653 2451 833 2536 superabat
855 2473 894 2518 ex
915 2454 1006 2518 mori.

76 2560 153 2624 Dum
174 2568 354 2645 percontor
376 2562 565 2645 portitores,
589 2581 711 2643 ecquae
735 2559 829 2624 nauis
852 2560 981 2626 uenerit

76 2666 119 2732 Ex
141 2669 218 2735 Asia
240 2703 281 2714 —-
304 2675 425 2750 negant
447 2669 576 2734 uouisse
599 2703 639 2714 -
663 2669 874 2751 conspicatus
898 2689 967 2734 sum
990 2669 1121 2735 interim

64 2771 255 2856 'Cornutum
278 2797 342 2860 quo
366 2797 425 2858 ege
449 2797 499 2840 me
523 2777 679 2844 maiorem
702 2797 767 2842 uon
790 2775 913 2842 uidisse
937 2796 1063 2843 censeo.

76 2882 109 2948 Iu
131 2893 261 2968 portum
284 2893 382 2950 uento
406 2884 559 2962 secundo,
583 2884 657 2948 uelo
680 2906 779 2969 passo
802 2885 963 2969 peruenit.
1140 2902 1194 2955 ³⁷0

76 2991 160 3060 Alius
183 2994 286 3059 olium
309 3000 554 3078 percontemur:
581 2993 689 3075 ‘quoio
712 2998 763 3057 est
784 2993 900 3058 nauis?
924 2993 1003 3077 quid
1026 2993 1148 3059 uehit?

77 3098 207 3168 interibi
214 3101 428 3185 Epignomum
441 3101 606 3184 conspicio
619 3107 710 3167 tuum
725 3102 832 3166 uirum
844 3111 878 3166 et
889 3121 1019 3168 seruum
1031 3101 1189 3167 Stichum.

518 3253 741 3338 Ponepyrie

78 3361 160 3444 Hem,
185 3365 289 3449 quid?
332 3364 547 3448 Epignomum
570 3364 751 3429 elocutus?

528 3505 736 3572 Pinacium

535 3623 537 3630 ⁴
682 3613 787 3678 Tuum
809 3614 926 3678 uirum.

516 3751 744 3817 Gelasimus

884 3857 926 3922 Et
948 3859 1052 3922 uitem
1076 3878 1192 3922 meum.

79 3981 273 3992 —--——.

156 4067 206 4122 eso
222 4063 330 4122 nuso
389 4063 424 4118 su
443 4062 471 4118 Β
537 4065 589 4118 eoo
605 4061 695 4116 ene
754 4063 831 4131 quoe
849 4060 876 4116 Β
941 4041 1067 4127 pireaeo}
1085 4060 1194 4128 aceruus

81 4150 124 4203 661
144 4150 310 4220 gladiumO
366 4151 416 4205 662
434 4150 503 4204 solis
522 4148 616 4205 ceso
670 4165 734 4203 nere
753 4145 807 4204 Bo
857 4147 908 4202 364
925 4147 955 4200 id
973 4161 1023 4203 oses
1042 4145 1094 4202 Bc
1143 4147 1194 4200 366

82 4236 214 4292 radicesue
231 4238 258 4292 A
312 4251 390 4292 scone
408 4236 444 4304 A,
464 4251 526 4290 esse
544 4233 598 4290 Bo
654 4236 704 4288 367
723 4237 890 4302 percunctor
903 4231 955 4287 ΒΟ
1013 4232 1151 4302 potituros
1165 4229 1196 4285 B

83 4319 126 4374 669
143 4321 192 4376 Cer
208 4320 365 4378 curremO
430 4338 475 4375 me
493 4335 544 4375 om.
564 4323 590 4374 A
660 4321 708 4373 371
728 4323 944 4388 percunctemur
961 4316 1012 4371 Bc
1079 4319 1131 4372 372
1149 4317 1195 4370 Iu·

82 4407 154 4460 terim
172 4407 220 4464 BG
288 4417 368 4463 seruo
386 4405 539 4462 schirrum
558 4405 585 4459 Β
654 4407 703 4459 376
722 4421 751 4459 es
770 4405 880 4458 locutus
899 4404 925 4456 A
