2930 5002
186 473 189 478 ’
289 478 347 540 148
797 471 887 528 Pauo
1178 469 1245 538 ar,
1264 474 1287 538 s,
1307 461 1391 524 25-40
1457 500 1461 509 .

746 661 957 728 Trachalio

286 773 330 840 m
353 794 417 858 qua
440 777 539 856 poeto
562 770 670 856 periit.

775 877 927 959 Gripus

715 986 758 1052 At
781 1006 841 1068 ego
865 985 1050 1068 quo'pacto
1072 985 1242 1051 inuentust
1264 987 1343 1062 scio;

287 1097 330 1162 Et
352 1097 408 1181 qui
430 1097 556 1162 inuenit
577 1094 740 1164 hominem
757 1094 844 1172 noui,
869 1101 902 1160 et
919 1092 1068 1159 daminus
1083 1095 1140 1178 qui
1158 1115 1244 1160 nunc
1261 1105 1310 1159 est
1326 1095 1389 1159 scia.

286 1204 396 1270 Nihilo
419 1203 474 1288 pol
496 1203 599 1288 pluris
621 1209 680 1269 tue
702 1201 764 1268 hoc
788 1223 887 1286 quam
910 1203 1025 1286 quanti
1048 1201 1131 1267 illud
1154 1202 1256 1268 refert
1278 1223 1355 1267 mes

287 1313 355 1394 Ego
373 1312 466 1377 illum
483 1312 561 1376 noui
579 1313 695 1396 quoius
713 1329 799 1376 nanc
811 1316 876 1392 esl3
898 1317 936 1375 lu
948 1309 1041 1375 illum
1053 1311 1170 1394 quoius
1183 1310 1322 1376 antehac
1333 1309 1391 1373 fuit.

81 1451 85 1460 ·
165 1489 168 1492 .
287 1420 382 1486 Hunc
403 1419 503 1487 home
524 1419 608 1486 feret
631 1441 650 1485 a
672 1441 722 1484 me
746 1440 849 1500 nemo,
872 1439 911 1484 ne
934 1425 970 1483 tu
993 1424 1027 1484 ts
1050 1439 1161 1504 speres
1186 1419 1283 1503 potis.
1352 1433 1392 1488 955

739 1556 952 1622 Trachalio
973 1555 974 1558 ’

288 1663 360 1730 Non
384 1663 478 1744 feret,
503 1665 531 1730 si
555 1665 704 1730 dominus
727 1665 860 1730 ueniet?

776 1806 927 1888 Gripus
1022 1795 1025 1799 ’

854 1915 1013 1982 Dominus
1034 1915 1121 1994 huic,
1143 1935 1184 1980 ne
1207 1913 1327 1980 frustra
1348 1911 1393 1989 sis,

290 2023 361 2090 Nisi
384 2044 443 2107 ego
466 2044 560 2089 nemo
583 2029 705 2105 natast,
727 2022 815 2090 hunc
838 2024 894 2108 qui
918 2025 990 2108 cepi
1012 2024 1046 2088 in
1069 2020 1189 2089 asnstu
1214 2043 1293 2088 mea.

741 2161 955 2226 Trachalio

293 2268 386 2334 Itane
409 2267 512 2335 uero?

762 2371 925 2457 'Gripus

556 2483 699 2569 Ecquem
722 2505 793 2552 esse
816 2485 905 2551 dices
928 2487 961 2550 in
985 2485 1067 2550 meri
1091 2484 1215 2568 piscem
1239 2481 1357 2548 meum?
1456 2466 1460 2483 '

289 2593 378 2671 Quos
396 2613 493 2676 quom
512 2594 616 2676 capio,
640 2595 669 2658 si
685 2593 815 2676 quidem
831 2595 912 2678 cepi,
937 2594 999 2658 mei
1018 2597 1103 2670 sunt,
1127 2591 1233 2657 habeo
1247 2611 1302 2675 pro
1313 2588 1393 2654 meis.

289 2700 356 2765 Nec
373 2721 470 2766 menn
489 2701 686 2767 adseruntur
703 2722 808 2785 neque
825 2702 916 2766 illinc
929 2703 1239 2787 partemquisqusm
1253 2697 1394 2786 postulet.
1460 2703 1461 2730 ³

289 2809 326 2873 In
350 2808 420 2874 foro
444 2808 551 2890 palam
575 2811 679 2876 omnis
703 2809 810 2876 nendo
835 2832 892 2891 pro
918 2811 997 2875 meis
1022 2808 1206 2874 usualibus.
1351 2819 1393 2873 961

290 2917 380 2982 Mare
404 2917 536 3000 quidem
559 2937 729 2983 commane
753 2925 879 2984 certost
902 2917 1062 2984 omnibus.

744 3060 961 3126 Trachalio

1128 3168 1212 3234 Ate
1234 3161 1370 3233 sentio'
1460 3153 1462 3216 l

291 3276 352 3354 Qui
381 3277 486 3340 minus
513 3275 600 3342 hanc
628 3297 831 3344 communem
861 3299 984 3363 quaeso
1014 3277 1092 3343 mihi
1115 3297 1188 3342 esse
1212 3279 1337 3360 oportel
1353 3269 1395 3334 ui·

1006 3385 1139 3450 dulum?

291 3492 328 3556 In
350 3493 433 3557 mari
455 3493 608 3559 inuentus
631 3495 793 3559 communi
818 3502 877 3560 est.

774 3613 925 3696 Gripus

896 3722 944 3787 Ne
966 3723 1163 3806 inpudenter
1185 3721 1353 3807 inpudens3
1459 3755 1460 3762 κ

216 3911 218 3916 ,
292 3826 373 3892 Nom
395 3828 422 3893 si
441 3829 525 3891 istuc
543 3827 593 3892 ius
612 3829 657 3893 sil
674 3829 760 3910 quod
780 3851 949 3908 memores,
973 3832 1153 3914 piscatores
1173 3831 1335 3916 perierint.
1350 3841 1396 3896 965

293 3932 419 4018 Quippe
442 3956 538 4018 quom
562 3937 726 4023 extemplo
750 3939 782 4003 in
805 3938 976 4005 macellum
1000 3941 1107 4023 pisces
1130 3939 1252 4024 prolati
1275 3941 1355 4013 sient,

378 4173 425 4226 951
446 4173 521 4242 perit
538 4173 566 4228 B
649 4175 795 4230 inuentum
814 4183 857 4230 est
875 4176 897 4231 0
979 4179 1030 4232 955
1047 4179 1141 4246 polius
1226 4180 1274 4233 956
1291 4177 1395 4231 frustm

237 4323 240 4330 Δ
293 4274 322 4310 es
340 4255 377 4318 B,
394 4257 556 4312 frustrares
576 4258 599 4314 0
686 4263 737 4315 957
754 4263 835 4331 coepi
926 4265 976 4317 959
994 4265 1074 4332 coepi
1092 4264 1120 4317 Β
1205 4265 1255 4318 962
1272 4269 1300 4317 st
1316 4258 1395 4313 sentio

293 4343 344 4396 964
363 4343 508 4398 inuentusl
526 4353 701 4400 communest
718 4346 876 4414 (commune
895 4347 944 4416 δί’)
