2890 5004
244 467 306 526 432
758 457 848 512 Perse.

243 650 401 723 domitos“‚
425 674 511 731 quem
534 674 651 732 sequor,
675 657 731 713 nisi
754 653 832 730 6606
855 647 950 713 boues
972 655 1082 713 retinui
1103 653 1223 710 61258
1248 653 1380 714 01261.

244 757 322 835 6606
344 759 369 816 si
391 759 457 834 quis
479 757 712 832 monosyllabum
736 758 837 830 166161,
866 759 926 815 iem
953 775 1013 814 non
1032 755 1194 814 'admodum
1218 773 1378 832 repugno,

244 867 278 919 61
299 860 414 936 Proleg.
437 879 467 936 p.
492 861 563 918 214.
619 859 728 918 Servili
750 863 848 918 eutem
879 879 959 918 more
987 878 1041 936 pro
1071 859 1217 929 nummis,
1263 859 1381 935 quibos

243 963 334 1021 boves
351 962 466 1020 emendi
484 967 579 1034 erent,
602 962 691 1020 boves
709 961 790 1026 dicit.
814 961 850 1020 61.
863 962 941 1020 16166
954 963 1024 1020 316.
1049 959 1131 1019 Asin.
1146 963 1218 1018 583.
1235 990 1281 1000 -
1306 963 1381 1020 265.

245 1060 414 1139 uipereor,
438 1063 473 1122 61.
498 1064 536 1123 06
558 1065 625 1123 Aul.
651 1065 721 1122 317.
744 1091 785 1102 -
811 1059 981 1136 „homines“
1004 1082 1062 1121 om.
1085 1062 1190 1134 Both.;
1227 1057 1381 1140 Seyffert

246 1168 330 1228 Stnd.
354 1187 382 1244 p.
403 1169 420 1224 6
445 1167 549 1226 meluit
580 1165 686 1239 ,66606
715 1160 835 1223 euidos“
860 1165 967 1242 legere.
998 1196 1040 1206 —
1068 1167 1139 1224 266.
1172 1161 1382 1239 admoedcrc,

245 1289 272 1328 6.
303 1268 339 1326 66
370 1269 437 1327 Aul.
468 1274 541 1328 extr.
576 1299 617 1309 —
650 1262 787 1326 salicum
815 1283 885 1326 cum
917 1263 997 1335 saie.
1032 1269 1067 1327 61.
1097 1267 1134 1326 66
1163 1269 1244 1328 1166.
1284 1273 1382 1329 1017.

246 1371 354 1444 Selom,
377 1391 438 1430 rem
456 1376 486 1430 et
503 1373 587 1449 perri
606 1372 695 1447 pretii
712 1376 743 1426 61
759 1371 877 1429 omnino
895 1373 1100 1442 necessarlum,
1124 1371 1382 1444 666616οω66οε,

246 1495 280 1533 ne
308 1475 385 1533 servi
416 1473 482 1550 6166
511 1473 589 1533 16610
621 1476 759 1544 utentur,
793 1472 936 1532 61666661
962 1479 992 1532 61
1019 1474 1184 1550 obsignant.
1221 1504 1265 1516 -
1309 1479 1381 1534 267.

253 1572 426 1648 Uirtutem,
450 1577 562 1652 66660
585 1577 648 1634 6160
670 1593 759 1633 causo
780 1573 899 1633 dubitet
920 1575 1089 1649 Buecheler,
1113 1576 1179 1634 Lat.
1193 1576 1285 1638 Decl.
1306 1600 1340 1656 p.
1356 1583 1382 1648 5,

245 1701 274 1740 6.
297 1679 433 1738 Mueller.
463 1677 587 1737 Prosod.
616 1698 646 1755 p.
672 1680 805 1737 366-
836 1673 1001 1754 dispicere,
1035 1683 1182 1757 reputare.
1221 1709 1262 1720 --
1307 1684 1380 1740 268.

248 1777 439 1858 1666166111.
468 1810 507 1822 -
537 1775 683 1856 66661000
705 1781 750 1840 06.
774 1801 819 1859 66.
845 1811 881 1820 -
907 1782 1073 1856 2766010
1095 1781 1129 1840 R.
1173 1781 1233 1842 Sed
1258 1785 1317 1842 vel
1341 1786 1383 1843 sic

247 1904 352 1944 versus
378 1887 458 1943 iusto
486 1883 619 1958 longior3
653 1871 750 1942 delevi
773 1903 879 1943 nomen
901 1886 1072 1961 proprium,
1107 1884 1141 1942 R.
1172 1885 1245 1958 ,606
1271 1907 1381 1946 eccum

245 2007 370 2064 puerum
393 1981 521 2046 Toxili“.
545 2016 587 2025 -
610 1980 695 2062 quic,
719 1986 755 2044 61.
779 1986 816 2044 06
840 1986 903 2046 Mil.
930 1987 1020 2045 1187.

333 2092 403 2150 271.
426 2089 518 2150 Nove
539 2109 632 2148 soenae
654 2089 774 2147 tltulum
797 2089 907 2148 hebent
923 2090 951 2146 A
968 2089 1001 2148 B.
1045 2089 1163 2166 Incipit,
1186 2091 1381 2156 616166166,

247 2193 284 2253 nb
294 2193 421 2252 iambico
432 2193 593 2264 061066610,
612 2192 747 2267 66661166
762 2191 929 2251 trochaicus
947 2195 1124 2265 octonarius,
1143 2197 1205 2250 tum
1220 2193 1380 2252 273-76

245 2296 386 2356 trochaici
408 2296 579 2371 septenarii,
610 2297 669 2354 277
694 2294 836 2353 iambicus
858 2295 1045 2367 octonarius,
1076 2296 1136 2352 278
1159 2313 1224 2372 666.
1248 2297 1382 2356 iambici

247 2400 415 2476 septenarii.

333 2501 404 2560 271.
428 2496 553 2559 domum
568 2515 706 2574 propero
729 2499 755 2557 A
777 2505 854 2558 teste
871 2498 965 2578 Gepp.
985 2499 1070 2558 Stud.
1090 2499 1119 2557 11
1137 2521 1166 2578 p.
1185 2501 1237 2558 81.
1275 2499 1381 2572 Quum

247 2605 295 2663 hic
317 2623 419 2662 606666
441 2607 567 2680 6606106
593 2601 810 2678 longitudinem
838 2603 869 2660 in
897 2603 971 2662 6606
999 2601 1175 2661 dividendus
1202 2609 1305 2676 06661,
1343 2606 1380 2662 li·

248 2708 365 2767 brarius
398 2707 462 2766 cod.
491 2705 518 2763 A
551 2709 712 2764 extremam
745 2709 860 2782 partem
900 2707 989 2764 etiem
1029 2707 1060 2764 in
1091 2725 1197 2766 novem
1230 2709 1382 2782 peginam

251 2809 419 2882 transtulit,
447 2829 475 2868 6.
498 2807 611 2867 Ritsch.
636 2807 718 2884 66061.
741 2827 770 2884 p.
793 2806 872 2866 VIII.
927 2807 986 2866 Sed
1015 2809 1085 2885 quic
1112 2809 1258 2866 octonarii
1291 2829 1381 2868 men-

250 2932 348 2973 suram
382 2915 518 2990 6660661,
552 2911 616 2969 6061
648 2911 743 2968 simile
775 2915 822 2968 est
856 2929 915 2970 non
949 2910 1031 2970 nulle
1065 2910 1169 2970 666116
1201 2930 1281 2970 esse.
1344 2913 1381 2970 R.
1443 2923 1444 2928 ’

250 3016 369 3074 6010161
400 3033 514 3090 „meum
544 3012 624 3090 quod
653 3009 815 3086 detumet“,
843 3032 899 3090 660
930 3016 1006 3087 „etsi
1028 3007 1201 3091 properes“.
1226 3044 1269 3053 -
1303 3017 1379 3074 272.
1443 3059 1444 3090 ,

249 3119 413 3178 Verborum
441 3116 575 3176 ordinem
603 3121 707 3175 contre
728 3115 764 3175 R.
787 3121 890 3175 tuetur
911 3115 1046 3195 Spengel.
1071 3116 1219 3176 Reformv.
1241 3137 1274 3194 p.
1307 3120 1378 3177 187.

250 3222 296 3281 Ad
326 3221 503 3280 sententiam
537 3218 573 3277 61.
603 3219 684 3276 Trin.
716 3220 806 3278 1061.
857 3218 934 3278 Rud.
965 3221 1015 3278 98.
1066 3218 1190 3279 Theoor.
1224 3220 1280 3288 15.
1320 3223 1378 3280 90:

251 3326 407 3400 πασάμενος
429 3326 566 3380 iniecere.
583 3351 625 3362 --
649 3324 720 3380 273.
742 3317 788 3379 mi
810 3321 878 3380 666.
897 3321 1043 3398 Mueller,
1068 3319 1160 3398 „ego“
1180 3321 1216 3380 R.
1234 3351 1273 3362 ··-
1303 3327 1378 3381 274.

252 3429 354 3488 temeri
375 3428 410 3484 A.
456 3421 504 3484 Sic
526 3424 637 3499 tamen,
661 3425 795 3502 quemvis
817 3421 893 3484 nihil
911 3423 1045 3500 debeam,
1069 3445 1097 3484 6.
1116 3425 1153 3483 66
1170 3425 1280 3484 Pseud.
1303 3428 1376 3486 389.

251 3530 336 3592 Ovid.
360 3529 433 3588 Met.
455 3526 544 3601 XIII,
574 3528 644 3586 243.
677 3557 720 3567 -
753 3523 861 3601 etiem,
890 3528 926 3588 01.
955 3529 1022 3587 153.
1052 3557 1089 3568 -—
1127 3527 1196 3587 275.
1225 3527 1257 3588 Si
1282 3535 1377 3588 661616

251 3637 345 3694 maior
367 3650 459 3690 essem
481 3630 653 3707 viribusque
675 3631 742 3707 plus
759 3631 899 3704 valerem,
924 3629 979 3689 hoc
998 3651 1058 3690 non
1076 3633 1195 3710 impune
1211 3631 1320 3690 106606.
1334 3661 1375 3672 -

253 3738 397 3796 276-77
426 3735 556 3811 6616660
577 3733 711 3793 versibus
733 3732 903 3792 scribuntur
924 3736 955 3793 in
977 3734 1019 3809 A,
1048 3755 1076 3793 6.
1099 3734 1151 3809 u,
1180 3734 1259 3812 6666
1283 3755 1374 3814 quem

253 3859 315 3898 voc.
338 3835 467 3914 iuquam
488 3836 602 3894 1666616
624 3835 743 3894 excidit.
766 3864 810 3876 -
832 3829 912 3894 dicis
933 3838 970 3895 A.
993 3865 1035 3876 -
1056 3831 1227 3910 ulmiim'ba,
1250 3839 1305 3915 qui
1327 3839 1373 3897 nl·

252 3961 333 4000 meos
355 3942 453 4016 virgas
482 3941 566 4014 tergo
594 3957 649 3998 660
673 3940 800 3997 60610611
823 3944 854 3997 61
877 3937 1003 3998 conficit.
1050 3939 1084 3998 16
1106 3941 1227 4000 additur
1247 3945 1283 3999 nt
1305 3940 1372 4000 Ces.

256 4045 327 4105 616.
359 4042 406 4102 Ρ6.
431 4041 507 4101 219;
538 4045 675 4114 „ereetum
695 4035 761 4100 tu“.
785 4070 824 4081 -
855 4043 926 4101 278.
955 4041 1108 4116 Paegnium
1138 4039 1244 4118 ,1111κ
1272 4045 1375 4121 166611
1442 4089 1443 4092 ¹

257 4147 327 4223 „qui
353 4146 436 4223 prior
463 4143 518 4202 hoc
540 4143 650 4218 1061611,
683 4143 740 4204 hoc
760 4144 936 4223 patiendum
959 4141 1034 4205 est“.
1062 4175 1105 4185 -·
1139 4148 1208 4205 279.
1242 4141 1317 4206 med
1338 4146 1373 4205 R
1442 4155 1443 4202 3

254 4247 365 4322 116666,
389 4247 499 4324 166611,
521 4265 612 4322 quum
635 4267 680 4306 me
702 4247 839 4306 servilem
862 4265 982 4323 opernm
1003 4248 1100 4307 106066
1122 4249 1251 4324 1666601,
1273 4255 1373 4308 tumen
1442 4319 1443 4340 Χ

252 4350 347 4410 116066
369 4350 451 4426 16661
474 4349 619 4425 permisit.
664 4350 711 4408 Ad
732 4350 956 4410 Atheniensium
978 4370 1101 4427 morem,
1123 4372 1151 4412 6.
1172 4343 1274 4429 [Χ66.]
1299 4351 1370 4428 Rep.
