2890 5004
267 469 328 528 466
765 464 886 519 Rudens.

269 657 325 730 „Ei
347 663 413 714 erat
435 657 483 715 hic
506 654 641 735 hospes“.
671 688 708 698 -
727 673 789 734 pur
809 654 860 718 Sui
882 657 943 732 91,
967 660 1149 736 superiores:
1177 677 1250 734 „par
1276 655 1389 716 illins‘.

266 791 309 800 -
332 762 380 818 50.
403 752 494 818 urbis
509 755 660 834 proditor
679 761 882 820 videturesse
905 763 955 838 qni
977 762 1079 820 arbem
1104 760 1247 838 prodidit,
1279 763 1335 820 sed
1358 781 1391 818 ex

266 883 364 921 rerum
387 862 512 921 historio
534 859 606 921 nihil
630 864 689 921 tole
712 866 855 922 norimus.
901 864 1048 924 Dziatzlro
1072 864 1146 922 Mus.
1171 863 1266 922 Rhen.
1292 863 1390 921 xxm

266 986 296 1043 p.
321 968 380 1025 576
410 985 447 1023 ex
474 965 538 1024 Liv.
561 965 675 1039 XXIV,
705 968 743 1025 35
778 967 962 1044 suspicatur,
994 985 1071 1024 enno
1102 967 1161 1024 215
1191 967 1391 1044 Agrigentum

266 1067 436 1148 proditione
470 1069 506 1128 ad
535 1068 794 1146 Carthaginienses
822 1072 977 1142 transisse,
1012 1069 1092 1145 quod
1124 1070 1212 1128 nimis
1242 1069 1390 1126 incertum

266 1176 320 1229 est.
344 1170 483 1229 Fortasse
505 1170 629 1230 Plautus
659 1192 726 1230 eum
749 1177 864 1230 tantum
888 1171 1082 1247 significavit,
1117 1173 1182 1248 qui,
1218 1173 1244 1229 si
1274 1175 1390 1230 occasio
1437 1213 1438 1256 1

267 1279 359 1344 esset,
393 1276 520 1350 petriam
550 1273 724 1352 proditurus
753 1279 838 1334 esset.
873 1303 908 1316 ·-
951 1278 999 1334 52.
1032 1267 1237 1334 mulierculae
1259 1275 1391 1331 relativa

267 1378 421 1435 sententiae
443 1363 663 1453 interpositum,
693 1377 728 1438 61.
753 1378 790 1436 ed
812 1377 902 1436 Poen.
930 1378 999 1436 193.
1022 1403 1064 1417 -·
1092 1379 1141 1435 55.
1170 1376 1245 1435 Post
1267 1375 1389 1450 potesse

268 1477 367 1536 hiatur
388 1479 419 1535 in
443 1497 552 1537 oresura
574 1487 609 1538 nt
632 1481 681 1540 63.
707 1482 757 1539 66.
784 1481 852 1540 103.
880 1480 949 1539 166.
968 1507 1012 1518 -
1031 1481 1068 1538 56
1088 1497 1124 1536 sx
1142 1479 1201 1538 530
1227 1480 1390 1555 repetitns;
1438 1529 1439 1534 ,

267 1581 351 1639 66616
373 1581 441 1640 incl.
466 1581 511 1641 Fl.
538 1611 582 1622 -
611 1584 659 1642 61.
694 1574 923 1654 Id...famtm
945 1582 1149 1659 parenthetice
1171 1583 1390 1658 interpositam

268 1697 303 1743 eo
326 1688 371 1741 est
392 1681 469 1741 ideo.
515 1683 546 1743 Si
573 1684 610 1742 sd
640 1687 734 1745 locum
764 1686 907 1757 refertur,
941 1689 993 1743 ant
1023 1683 1178 1743 delendum
1206 1690 1254 1742 est
1285 1681 1388 1756 „huo“‚

268 1791 319 1844 aut
342 1805 407 1849 cum
426 1787 631 1864 Kampmanno
652 1785 764 1861 „hanc“
785 1787 981 1847 scribendum.
997 1817 1033 1826 -
1054 1786 1127 1846 Post
1147 1777 1260 1856 sunum
1276 1787 1389 1856 hiatns3
1439 1769 1440 1792 ³

267 1888 357 1962 vulgo
375 1896 589 1967 transponunt:
618 1892 733 1962 „lunum
751 1887 906 1950 Ueneris“.
947 1889 1032 1961 Quod
1044 1889 1190 1948 Pindarus
1201 1889 1293 1966 Pyth.
1309 1895 1337 1964 5,
1354 1891 1389 1946 tt

270 1990 398 2066 Cyrenas
425 1993 526 2068 γλυκὺν
547 1995 635 2051 κᾶπον
656 1994 812 2070 Ἀφροδίτας
835 1994 920 2066 dicit,
951 1994 1007 2052 huc
1030 2013 1090 2052 non
1112 1995 1252 2069 pertinet.
1275 2021 1322 2033 -
1344 1995 1390 2050 63.
1440 1993 1441 2020 ³

270 2089 375 2154 uttehlt
398 2096 464 2153 edd.
491 2125 530 2136 -
560 2097 608 2156 65.
640 2097 712 2154 Ρ666
728 2095 859 2172 portum
880 2096 926 2154 Fl.
953 2091 1079 2173 „quom“
1104 2095 1197 2167 addit,
1222 2093 1258 2153 cf.
1284 2097 1337 2153 22.
1355 2123 1389 2132 -

270 2198 319 2254 67.
345 2193 502 2272 quoniam,
526 2220 555 2259 v.
572 2199 607 2256 ud
627 2200 709 2259 Asin.
729 2201 799 2258 347.
824 2227 865 2238 -
890 2199 939 2258 68.
963 2194 993 2258 ei
1015 2198 1147 2257 66161-
1170 2201 1220 2258 69.
1245 2187 1391 2271 Increpoi

267 2293 439 2374 hibernum,
463 2304 619 2376 strepitum
643 2302 775 2359 hibernoe
797 2301 935 2379 procelle
956 2302 1023 2362 feci.
1054 2331 1092 2342 -
1122 2304 1172 2360 70.
1201 2314 1302 2360 unum
1325 2300 1388 2358 add.

267 2400 401 2476 Seyffert.
426 2403 509 2461 Stud.
535 2425 563 2480 p.
588 2405 644 2476 24;
679 2406 768 2479 vulgo
798 2411 1013 2482 transponunt:
1053 2406 1201 2476 „omnium
1224 2398 1322 2461 sum“.
1352 2429 1386 2442 -·

268 2504 316 2562 77.
341 2503 385 2562 Ns
408 2505 507 2563 hiatus
531 2509 571 2566 sit
592 2515 661 2584 post
683 2501 762 2580 lens,
794 2505 855 2566 Ft:
888 2512 996 2585 „etque
1019 2509 1082 2566 eius
1104 2499 1243 2582 hospes“.
1266 2534 1311 2543 —
1343 2505 1387 2562 73.
1442 2498 1443 2530 ¹

268 2601 355 2666 eiecti
378 2607 443 2665 edd.
472 2637 513 2648 -
543 2611 592 2684 75,
623 2610 659 2667 61.
685 2611 755 2668 366.
778 2635 820 2650 -
849 2611 904 2684 76,
932 2609 969 2668 ct.
996 2611 1064 2668 164.
1093 2637 1135 2650 -
1164 2610 1213 2664 77.
1247 2599 1313 2666 oti.
1347 2606 1388 2663 Fl.

271 2709 341 2784 „qui
362 2708 437 2780 ibi“,
460 2715 549 2785 recte,
573 2717 607 2769 at
630 2711 757 2771 videtur.
782 2741 823 2752 -
852 2713 902 2772 79.
931 2706 986 2788 qui
1009 2711 1046 2769 ad
1071 2706 1168 2786 „illic“
1195 2710 1333 2780 retertur,
1354 2711 1388 2766 cs.

268 2811 306 2869 ed
328 2811 410 2869 Asin.
432 2815 480 2871 64.
504 2843 546 2853 -
569 2815 618 2874 89.
649 2809 754 2875 Ualete
777 2815 946 2893 dupliciter,
969 2821 998 2873 66
1020 2815 1059 2874 ad
1081 2812 1290 2884 valetudinem,
1314 2813 1387 2870 salu·

268 2914 352 2972 teudi
376 2933 471 2990 cause,
496 2923 526 2975 et
548 2918 586 2976 ad
609 2918 696 2976 vires.

354 3222 530 3300 Sceparnio,
564 3226 712 3286 Damonis
739 3247 842 3285 servus
870 3227 932 3285 exit
954 3245 1019 3284 cum
1042 3225 1320 3304 palaestram,
1353 3228 1385 3280 nt

267 3325 362 3383 lutum
387 3326 481 3386 fodiat
503 3321 544 3404 (v.
568 3330 619 3388 96.
646 3323 734 3404 100),
763 3347 822 3405 quo
844 3333 954 3387 tectum
977 3329 1054 3387 villa
1076 3327 1215 3407 procellae
1237 3327 1268 3383 vi
1289 3331 1384 3384 saete-

267 3433 328 3486 tum
353 3433 470 3488 sarciat.
494 3460 536 3471 —
560 3433 608 3489 84.
632 3426 818 3506 Neptunum
842 3452 859 3490 a
881 3433 955 3490 mari
978 3433 1056 3490 enim
1078 3432 1162 3490 seuit
1182 3428 1322 3507 procella.
1346 3457 1383 3466 -

268 3533 317 3591 85.
347 3527 426 3608 quid
445 3527 553 3592 uerbis
577 3527 689 3608 opust?
716 3555 753 3592 ne
776 3535 883 3612 longus
905 3537 975 3611 sim,
999 3536 1035 3594 ef.
1061 3535 1130 3594 135.
1154 3562 1197 3573 -
1219 3533 1269 3591 86.
1291 3525 1381 3590 Alcu-

267 3649 358 3694 61666
379 3629 551 3712 Euripidis·
574 3636 743 3712 tragoedis,
773 3642 807 3695 ut
830 3657 866 3696 ex
887 3637 941 3695 hoe
964 3638 1030 3697 loco
1059 3642 1199 3714 apponet,
1231 3634 1380 3693 vehemen-

267 3737 411 3795 tissimam
430 3743 637 3814 tempestatem
654 3739 772 3813 obtulit,
792 3745 827 3800 ut
842 3739 1005 3800 Lambinus
1024 3740 1171 3812 censebat,
1192 3740 1223 3797 in
1239 3737 1380 3796 natalibus

266 3837 413 3916 Herculis,
436 3842 472 3900 61.
496 3842 593 3901 Ρ1666.
617 3842 723 3917 Amph.
747 3844 844 3902 1110:
870 3841 933 3917 „Ibi
956 3846 1095 3902 continuo
1118 3847 1260 3901 contenet
1281 3840 1379 3900 Sonitu

267 3961 417 4016 maxum03
442 3945 524 4002 sedis
546 3945 642 4020 primo
664 3963 753 4002 ruere
770 3946 909 4004 rebamur
925 3943 1023 4004 tucs“.
1069 3943 1165 4020 Magis
1183 3943 1273 4003 dubie
1289 3943 1378 4018 suspi-

266 4050 372 4104 eentur
394 4044 539 4105 Welolrer.
565 4045 680 4104 Griech.
704 4047 889 4124 Tragoedien
911 4069 942 4125 p.
967 4048 1027 4106 690
1051 4067 1114 4125 sqq.
1165 4048 1331 4106 Alcmenam
1352 4049 1379 4101 st

264 4147 514 4225 Rhadamanthys
537 4148 659 4206 eandem
682 4149 813 4210 fabulam
836 4171 967 4224 censens,
992 4157 1022 4210 66
1043 4150 1207 4210 Francken.
1222 4147 1378 4208 Mnemlll

266 4273 295 4329 p.
321 4254 369 4310 36.
394 4281 435 4292 -
460 4253 508 4309 88.
539 4244 746 4312 Inlustrium
767 4247 845 4328 fecit
867 4254 998 4330 tegulas,
1022 4256 1041 4312 i.
1065 4275 1089 4313 e.
1113 4259 1236 4326 tectum,
1260 4254 1296 4311 cl.
1319 4252 1377 4310 htil.

268 4356 506 4412 156173176.
527 4355 588 4412 974
618 4357 688 4413 986.
733 4356 788 4427 Qui
807 4358 955 4432 corrigere
973 4359 1072 4415 conati
1088 4363 1166 4430 sunt,
1191 4357 1261 4414 nihil
1280 4356 1378 4414 melius
