2930 5002
254 499 312 558 116
768 491 858 546 Plauti

196 871 199 877 Ι
252 789 309 856 Pol
333 793 474 854 minume
496 791 605 866 miror,
628 791 722 856 nauis
745 790 773 856 si
795 789 932 855 fractast
955 790 1022 866 tibi,

251 899 363 965 Scelus
385 907 419 965 te
442 903 476 964 et
497 897 633 964 sceleste
656 905 753 980 parta
776 919 861 982 quae
884 899 975 963 nexit
995 897 1092 962 bona.
1316 914 1357 965 loe

732 1028 892 1094 Labros

254 1139 387 1204 Pessum
411 1137 530 1202 dedisti
553 1157 604 1200 me
627 1137 860 1202 blandimentis
883 1139 958 1201 tuis.

699 1257 931 1322 Charmides

258 1364 485 1431 Scelestiorem
509 1385 622 1430 cenam
645 1367 759 1429 cenaui
783 1371 871 1429 tuam

258 1473 362 1552 Quam
386 1495 470 1558 quae
492 1473 654 1558 Thyestae
677 1479 727 1538 est
749 1474 935 1555 anteposita
958 1481 992 1538 et
1014 1471 1127 1538 Tereo.

736 1592 891 1657 Labros

259 1702 355 1782 Perii,
379 1703 486 1766 animo
510 1701 593 1765 male
616 1701 667 1781 fit3
690 1702 820 1766 contine
845 1721 966 1785 quaeso
989 1709 1098 1786 caput.

700 1819 931 1885 Charmides
1443 1891 1444 1924 1

259 1928 471 1996 Pulmoneum
495 1928 610 2012 edepol
632 1930 727 1994 nimis
748 1929 846 1993 uelim
871 1930 1028 1994 uomitum
1051 1949 1171 1994 nomas.
1319 1944 1362 1996 000
1443 1929 1444 2022 l

1443 2023 1444 2056 l

737 2047 893 2114 Lobrucc

260 2158 359 2235 Eheu,
382 2158 553 2223 Palaestra
574 2164 675 2242 atque
698 2091 893 2241 dmpelisca
915 2156 973 2222 ubi
996 2158 1077 2222 estis
1102 2157 1209 2221 nunc?

703 2275 935 2342 Charmides

260 2387 406 2451 Piscibus
428 2388 459 2449 in
484 2385 551 2450 alto
575 2386 671 2450 credo
695 2385 856 2468 praebent
878 2384 1043 2468 pabulum.

738 2503 897 2568 Labros

260 2613 505 2680 Mendicitatem
528 2613 605 2677 mihi
631 2613 778 2696 optulisti
802 2634 904 2696 opera
925 2619 993 2690 tua,

261 2723 344 2786 Dum
368 2723 432 2786 tuis
455 2721 605 2785 ausculto
629 2721 823 2801 magnidicis
846 2721 1035 2784 mendaciis.

1443 179 1444 220 l

694 679 931 747 Charmides
1028 641 1032 650 ι
1262 699 1263 702 ’

703 2857 931 2921 Charmides

261 2968 383 3032 Bonam
407 2965 566 3048 estquod
590 2963 711 3030 habeas
735 2965 873 3048 gratiam
899 2966 1013 3028 merito
1037 2963 1124 3041 mihi,
1321 2975 1362 3030 505

263 3075 324 3153 Qui
347 3081 379 3138 te
402 3096 441 3138 ex
463 3073 589 3138 insulso
613 3073 737 3138 salsum
760 3073 822 3137 ieci
845 3094 946 3155 opera
968 3093 1050 3136 mea.

740 3207 896 3274 Labrax

262 3319 346 3397 Quin
370 3325 405 3383 tu
428 3317 503 3382 hinc
525 3318 554 3381 is
577 3339 596 3380 a
620 3337 670 3380 me
693 3317 724 3380 in
750 3339 933 3382 maxumam
958 3317 1078 3381 malam
1101 3316 1251 3382 crucem?

704 3451 936 3518 Obormides

263 3563 344 3644 Eas,
366 3583 486 3645 easque
509 3583 561 3626 res
585 3560 722 3644 agebam
745 3562 960 3627 commodum.

744 3695 900 3763 Labros

263 3808 364 3889 Eheu,
386 3808 459 3891 quis
482 3808 568 3872 uiuit
589 3827 639 3872 me
663 3806 811 3872 mortalis
834 3806 1004 3872 miserior?

707 3941 939 4008 Charmides

264 4053 332 4134 Ego
356 4051 457 4118 multo
480 4058 573 4116 tanto
595 4053 745 4117 miserior
767 4073 867 4135 quam
889 4058 936 4131 tn,
961 4052 1101 4117 Labrax.
1320 4060 1365 4113 000
1441 4139 1442 4146 ¹

264 4207 466 4214 ——...-

350 4292 400 4344 494
417 4290 456 4344 ibi
551 4289 759 4358 assequendam
779 4293 940 4358 anteposita
959 4297 1001 4346 eet
1100 4292 1152 4346 499
1168 4289 1232 4344 Pari
1323 4283 1363 4336 5⁰1
1441 4245 1442 4297 l

267 4376 442 4448 ampliscaO
508 4377 558 4428 509
575 4375 708 4444 papulum
726 4375 754 4429 B
824 4377 874 4428 508
893 4375 948 4429 Des
966 4375 1019 4431 BG
1085 4378 1136 4429 510
1153 4379 1230 4430 tants
