2898 4996
250 505 312 566 220
766 499 857 554 Plauti
1075 497 1111 564 ΙΙ,
1130 499 1153 566 2,
1172 495 1344 564 65-111‚1‚·2

701 687 925 771 Panepyajia

250 795 393 863 Uidistin
416 796 522 861 uirum
546 797 668 861 sororis
691 796 907 880 Pamphilae?

708 938 919 1026 Pinacium

960 1045 1043 1112 Non.

670 1243 674 1252 ι
705 1165 926 1250 Paaepyria

1087 1251 1160 1317 Non
1182 1250 1291 1317 adest?

710 1371 919 1436 Pinacium

251 1480 353 1545 Immo
377 1481 510 1546 uenisse
533 1501 606 1544 eum
624 1481 740 1574 ¹simitu
763 1479 875 1545 aiebat
895 1473 966 1560 ille3
990 1499 1050 1562 ego
1072 1477 1136 1544 hue
1158 1480 1241 1544 citus
1312 1491 1351 1546 tlt

252 1588 475 1669 Praeeuourri‚
499 1595 537 1652 ut
559 1591 742 1654 nuntiarem
765 1589 915 1654 nuntium
939 1587 1170 1671 exoptabilem.

699 1725 805 1791 Pane
811 1727 922 1807 pyris

251 1831 380 1910 lintre,
402 1825 582 1911 Pinacium,
605 1833 681 1900 iube
699 1833 839 1899 famulos
858 1854 925 1899 rem
945 1833 1089 1898 diuinam
1107 1831 1185 1897 mihi
1203 1833 1352 1916 adparent.
1431 1843 1432 1878 ³

251 1940 339 2006 Bane
361 1939 445 2006 uale.

697 2047 929 2116 Gelasimus

490 2156 554 2222 Uin
578 2157 826 2223 administrem?

700 2299 925 2382 Panepyrie

837 2458 839 2466 .
873 2407 931 2474 Sat
954 2429 1123 2474 seruorum
1146 2408 1250 2474 habeo
1272 2405 1354 2471 domi.

698 2543 930 2611 Gelasimus

254 2653 440 2730 Enimuero,
465 2653 637 2732 Gelasimo,
660 2656 775 2738 opinor
798 2655 978 2738 prouenisti
1000 2652 1120 2732 futtile,

254 2761 478 2845 Sinequeille
496 2762 591 2827 adest
610 2783 717 2845 neque
739 2763 800 2838 hie,
819 2764 875 2846 qui
894 2763 993 2840 uenit,
1013 2763 1191 2846 quicquam
1211 2758 1355 2826 subuenit.

254 2869 313 2936 Ibo
336 2871 421 2935 intro
446 2870 486 2935 ad
509 2870 612 2936 libros
636 2878 669 2936 at
692 2871 814 2936 discam
837 2871 877 2935 de
901 2871 999 2936 dietis
1023 2869 1229 2935 melioribus:
1314 2881 1353 2934 401

252 2978 336 3043 Nam
359 2979 392 3043 ni
414 2978 488 3045 illos
510 2977 658 3045 homines
680 2979 816 3062 expello,
842 2999 900 3061 ego
925 2979 1029 3044 occidi
1053 2979 1263 3062 planissume.

712 3271 916 3282 ..οι-ιι·-

567 3489 827 3557 amenonos.
863 3453 1061 3558 ⁴alienos,

687 3662 934 3744 Epipaomue

253 3768 358 3846 Quom
382 3769 464 3835 bene
487 3791 522 3835 re
545 3779 637 3854 gesta
659 3771 769 3836 saluos
793 3780 969 3836 consertor
992 3771 1132 3848 domum,

252 3870 405 3959 Neptuno
428 3886 537 3960 grates
560 3877 666 3944 habeo
689 3887 722 3944 et
745 3880 1012 3962 tempestatibus,

338 4115 389 4170 394
405 4113 580 4185 Pamphilum
599 4117 634 4184 A,
652 4116 879 4186 Pamphilippum
897 4115 949 4173 BG
1050 4117 1085 4186 ἡ
1102 4135 1159 4172 non
1176 4117 1212 4187 ᾗ
1229 4117 1304 4172 adeat
1318 4107 1358 4168 Bc
1405 4119 1428 4178 ’Ἴ

252 4202 303 4256 895
321 4199 428 4256 lammo
447 4202 561 4260 alebant
579 4203 688 4258 uenisse
708 4221 770 4257 eum
790 4203 873 4258 simul
892 4203 940 4258 sed
959 4221 1011 4272 ego
1030 4205 1083 4260 bno
1101 4201 1153 4258 Ro
1229 4204 1276 4258 396
1294 4203 1358 4255 obta·

252 4285 335 4341 bilem
354 4285 407 4342 Be
496 4289 547 4342 897
565 4287 604 4342 li
626 4289 701 4343 intro
721 4291 868 4357 panaciam
886 4288 940 4344 Bo
1023 4290 1086 4344 lube
1103 4288 1131 4344 Β
1218 4283 1357 4344 lamulisA

251 4373 304 4426 400
321 4374 384 4426 oeni
403 4374 428 4426 A
498 4375 547 4426 401
568 4373 659 4428 dicam
678 4374 704 4427 A
773 4377 824 4427 404
843 4373 965 4443 Neptino
983 4372 1011 4429 B
1079 4375 1168 4443 gratis
1186 4375 1212 4428 A
