2930 5002
63 509 104 578 IV,
122 512 146 577 9,
163 513 195 562 41
205 514 266 563 -55
561 512 680 568 studens.
795 529 797 532 ·
1116 522 1173 581 149

62 698 156 765 Nemo
180 707 278 781 emat;
304 722 395 766 suam
419 704 559 786 quisque
582 709 709 787 partem
733 704 869 787 piscium
894 711 1010 787 poscat
1032 705 1109 785 sibi;

63 807 173 874 Dicant
195 811 228 874 in
251 811 333 875 meri
356 812 519 875 communi
541 817 665 894 captos.

506 988 716 1054 Trachalio
808 1068 815 1088 ι

698 1095 783 1173 Quid
807 1097 866 1175 ais,
890 1097 1077 1181 inpudens?

60 1201 168 1266 Ausu's
191 1202 290 1267 etiam
314 1223 496 1287 conparare
521 1204 665 1269 uidulum
690 1225 761 1269 cum
786 1204 952 1288 piscibus?

61 1309 173 1374 Eadem
196 1309 330 1376 tandem
353 1331 406 1375 rea
429 1311 583 1377 uidetur?
698 1363 700 1366 -

538 1488 690 1570 Gripus

623 1598 660 1662 In
683 1617 781 1662 mauu
803 1619 868 1663 non
891 1603 944 1662 est
965 1618 1047 1662 mea.
1120 1615 1173 1670 970

58 1704 113 1769 Ubi
136 1704 251 1770 demisi
274 1712 345 1771 rete
368 1712 468 1790 atque
491 1705 632 1785 hamum,
657 1704 818 1790 quidquid
842 1704 950 1769 haesit
972 1705 1117 1770 extraho.

56 1813 157 1878 Meum
171 1814 257 1899 quod
271 1821 341 1879 rete
355 1821 453 1899 atque
465 1814 554 1879 hemi
567 1817 678 1880 nancti
691 1820 775 1887 sunt,
790 1832 896 1878 meum
910 1813 1169 1897 potissumumst.

505 2003 720 2068 Trachalio

56 2111 151 2178 Immo
174 2111 284 2176 hercle
306 2109 395 2176 haud
420 2119 480 2191 est,
504 2112 530 2176 si
555 2110 686 2195 quidem
709 2111 796 2196 quod
820 2132 879 2176 uas
903 2111 1069 2194 excepisti.

535 2299 688 2380 Gripus

962 2359 1170 2494 Philescphe.
1292 2378 1299 2390 ¹

507 2561 714 2628 Trachalio

56 2668 116 2735 Sed
137 2677 172 2736 tu
195 2693 234 2736 en
258 2691 412 2753 umquam
435 2672 634 2755 piscatorem
658 2669 780 2750 uidisti,
804 2669 957 2749 uenefica,

57 2777 205 2845 Uidulum
227 2781 350 2863 piscem
372 2781 500 2863 cepisse
523 2788 581 2844 eut
603 2779 777 2862 protulisse
799 2777 901 2843 ullum
921 2779 954 2842 in
972 2777 1102 2844 forum?
1120 2797 1171 2850 9⁷5

55 2885 125 2950 Nou
143 2889 226 2952 cuim
239 2896 274 2953 tu
287 2889 340 2954 hic
352 2887 483 2972 quidem
496 2886 674 2970 occupabis
687 2889 791 2952 omnis
804 2895 961 2970 quaestus
974 2908 1057 2972 quos
1071 2888 1170 2954 ucles

54 2993 97 3058 Et
117 2996 253 3061 niteram
278 3005 312 3062 et
335 2998 530 3079 piscatorem
553 3006 586 3060 te
609 3016 690 3076 esse,
713 2997 839 3080 inpure,
862 2997 1020 3079 postulas.

54 3101 112 3167 Uel
134 3114 164 3168 te
188 3105 265 3170 mihi
288 3112 471 3169 monstrare
493 3110 624 3187 eportet
647 3104 746 3187 piscis
769 3106 825 3187 qui
849 3106 891 3169 sit
914 3104 1054 3184 nidulus,

56 3211 113 3277 Uel
134 3213 222 3297 quod
245 3214 279 3278 in
303 3213 383 3277 mari
406 3234 471 3278 nen
495 3220 609 3278 uatum
632 3220 684 3278 est
705 3232 809 3297 neque
833 3212 933 3278 habet
956 3233 1110 3295 squamas
1129 3237 1170 3282 ne

763 3320 860 3386 feras.

536 3485 611 3552 uri·
643 3507 688 3552 ue

57 3590 156 3668 Quid?
177 3603 214 3662 tu
237 3615 413 3679 numquam
436 3595 560 3661 audisti
582 3507 653 3661 egge
677 3593 817 3661 antehac
846 3594 992 3660 uidulum
1025 3596 1169 3678 piscem?

504 3771 712 3837 Trachalio

979 3878 1101 3962 Scelus,
1119 3898 1171 3952 980

59 3982 168 4055 Nullus
190 3996 249 4056 est.

60 4139 250 4154 Ἡ

136 4226 185 4280 967
202 4232 248 4281 eat
266 4226 290 4281 0
364 4227 415 4280 968
432 4225 516 4281 Dicat
533 4224 561 4279 B
637 4227 686 4280 971
707 4231 797 4280 retem
815 4226 838 4280 0
919 4243 1012 4312 amum
1030 4227 1092 4296 quit
1110 4229 1170 4296 quit

60 4309 126 4361 assit
141 4313 254 4366 extraho
274 4310 302 4366 Β
379 4313 429 4366 972
448 4319 517 4379 quet
535 4309 563 4365 B
638 4312 713 4365 hami
733 4329 824 4366 meum
844 4310 867 4366 0
947 4311 1123 4381 potissimust
1140 4310 1168 4366 Β
1232 4343 1237 4354 -

59 4391 106 4444 973
121 4393 258 4467 excepisti
277 4392 300 4446 0
367 4395 418 4450 974
436 4407 492 4450 tuce
511 4413 661 4466 numquam
682 4397 704 4452 0
769 4399 820 4450 980
837 4395 889 4464 Qui
959 4397 1091 4450 audiuiati
