2864 5000
284 451 345 512 320
659 483 660 488 η
792 441 883 496 Plauti
940 441 942 446 '
1030 501 1033 508 ¹
1195 443 1238 510 IV,
1256 445 1276 508 3,
1293 447 1362 496 10-33

281 636 352 701 Nisi
370 635 470 699 etiam
487 633 634 698 laborem
653 631 695 696 ad
715 629 868 695 damnum
888 631 1052 715 adponam
1064 635 1242 717 epithecam
1252 635 1355 715 insuper.

280 743 366 821 Quin
388 750 424 808 tu
447 742 534 827 quod
557 742 655 825 periit
677 739 811 823 periisse
835 741 949 804 ducis?
973 760 1054 823 oape
1077 743 1270 822 uorsoriam3
1315 761 1357 810 1010

282 852 402 933 Recipe
425 857 458 914 to
481 851 523 914 ad
548 871 648 913 erum.
1176 843 1180 852 '

569 1099 641 1165 Non
664 1098 839 1179 fugitiuost
860 1100 914 1162 hio
936 1099 1049 1179 homo;
1073 1103 1275 1166 conmeminit
1294 1101 1360 1164 doni.
1408 1191 1409 1194 Ἴ

736 1253 947 1318 Stasimus

282 1363 415 1428 Utinam
440 1367 569 1428 ueteres
593 1361 758 1427 homiuum
780 1382 891 1426 mores.
916 1369 1044 1427 ueteres
1069 1363 1279 1445 parsimoniae

282 1471 394 1535 Potius
417 1472 451 1534 io
472 1471 588 1535 maiori
611 1470 733 1535 honoro
756 1469 809 1534 hio
832 1477 942 1534 esseni
966 1491 1065 1553 quam
1088 1493 1192 1536 moros
1215 1473 1293 1537 mali.

726 989 958 1056 Charmides

1408 1115 1409 1190 i

1408 1297 1409 1350 i

726 1622 959 1688 Charmides
1152 1691 1154 1696 ,

281 1732 323 1796 Di
345 1733 545 1806 inmortales,
570 1731 706 1795 basilica
729 1732 782 1796 hio
805 1731 936 1812 quidem
960 1729 1106 1796 facinora
1127 1734 1270 1816 inceptat
1291 1735 1369 1814 loqui:

282 1839 404 1906 Uetera
421 1841 559 1923 quaenit,
579 1845 695 1902 uetera
711 1858 821 1902 amare
839 1836 924 1902 huno
942 1859 1032 1904 more
1043 1840 1203 1906 maiorum
1217 1845 1304 1906 soias.
1323 1859 1367 1908 1001

740 1980 945 2044 Stasimus

280 2090 308 2153 N
312 2112 363 2154 am
382 2110 468 2153 nuno
484 2090 630 2155 homines
649 2087 745 2153 nihili
762 2086 887 2152 faciunt
905 2089 991 2171 quod
1010 2088 1096 2168 lieet,
1115 2092 1177 2155 nisi
1196 2093 1276 2174 quod
1294 2091 1367 2156 lubet,

279 2198 422 2262 Ambitio
447 2200 510 2262 iam
526 2221 622 2278 more
646 2202 803 2273 sanctam,
827 2196 965 2261 liberast
988 2218 1008 2261 a
1031 2197 1173 2280 legibus3

281 2306 382 2371 Scuta
404 2308 510 2372 iacere
534 2306 711 2390 fugereque
735 2305 838 2369 hostis
863 2325 951 2370 more
974 2305 1097 2370 habent
1119 2306 1292 2384 licentiam

280 2414 395 2479 Petere
418 2414 574 2480 honorem
598 2436 655 2496 pro
679 2412 804 2493 flagitio
830 2432 917 2475 more
940 2411 986 2476 fit.

723 2555 956 2621 Charmides

981 2663 1105 2729 Morem
1127 2665 1302 2748 inprobum.
1325 2679 1370 2730 1001

739 2794 942 2858 Stasimus

281 2903 478 2968 Sirenuosos
502 2904 679 2986 praeterire
705 2923 793 2966 more
816 2901 862 2966 fit.

722 3043 964 3108 Charmides

863 3152 1013 3236 Nequam
1036 3153 1177 3235 quidem

744 3292 949 3357 Stasimus

281 3404 388 3469 Mores
411 3404 499 3487 leges
524 3402 746 3485 perduxerunt
769 3403 833 3464 iam
856 3403 888 3464 in
913 3409 1115 3484 potestatem
1139 3423 1241 3480 suam,

281 3513 449 3594 Magisque
473 3513 501 3575 is
524 3519 600 3574 suni
623 3510 822 3573 obnoxiosae
847 3531 944 3592 quam
967 3517 1121 3593 parentes
1143 3489 1286 3587 liberios

284 3621 325 3684 Et
347 3622 484 3684 miserae
507 3620 606 3684 eiiam
629 3618 671 3681 ad
696 3618 855 3700 parietem
880 3623 955 3681 suni
978 3617 1061 3694 fixae
1084 3617 1187 3682 olauis
1210 3615 1317 3689 ferreis,

284 3728 347 3793 Ubi
372 3727 473 3792 malos
499 3747 604 3791 mores
628 3725 726 3807 adfigi
749 3726 847 3789 nimio
871 3725 980 3790 iuerat
1003 3727 1152 3808 aequius.
1323 3735 1367 3786 1010

369 3966 434 4017 1025
453 3965 617 4033 apothecam
721 3966 785 4016 1027
806 3975 826 4016 (0
844 3979 894 4017 om.
993 3961 1100 4017 huioO
1195 3939 1256 4017 10⁸2&
1272 3957 1368 4013 homiues

286 4052 351 4102 1029
369 4050 465 4102 Potius
483 4050 581 4102 maiori
599 4051 700 4102 honori
755 4051 819 4102 1031
839 4065 901 4117 quea
920 4047 1021 4101 Erite
1071 4065 1178 4101 morem
1233 4047 1290 4100 1032
1318 4054 1369 4094 uuus·

284 4153 375 4188 mores
394 4135 462 4188 nuo
550 4137 614 4188 1033
635 4133 800 4202 Ampitioc
886 4135 952 4188 1035
971 4133 1076 4186 nonore
1163 4143 1248 4187 oon.
1326 4121 1369 4176 1031
1406 4113 1407 4184 i

284 4231 412 4274 strenuos
466 4218 572 4274 idemO
626 4223 690 4273 1038
709 4222 857 4288 magisqui
876 4229 941 4274 sunt
981 4218 1075 4272 -liberi
1131 4219 1197 4271 1039
1215 4216 1370 4270 Eamisorffi

352 4305 406 4359 fixe
