2920 4998
199 477 261 538 572
612 537 617 552 .
661 471 848 526 Trinummus.

198 669 331 728 dimeter.
370 669 429 727 239
443 669 569 726 creticus
581 668 722 726 trimeter.
766 668 826 746 240
839 665 981 726 iambicus
995 667 1172 726 octonarius.
1218 667 1346 725 241-

198 773 237 830 43
261 771 428 829 tetrametri
451 771 631 845 anapaestioi.
685 770 830 830 244-45
853 770 1005 848 plerisque
1025 771 1197 829 tetrametri
1223 769 1343 828 cretici

80 905 82 911 v
197 874 360 933 catalectici
383 871 531 948 videntur,
555 871 714 950 Spengelio
731 872 851 930 dimetri
869 874 1050 950 anapestici.
1097 873 1158 930 246
1176 871 1342 930 iambicus

197 977 322 1034 dimeter
344 995 409 1034 cum
432 967 569 1035 trochseb.
616 977 676 1034 247
701 980 816 1034 constat
838 995 874 1034 ex
896 974 1017 1051 dipodia
1039 975 1176 1046 iambica,
1199 975 1337 1043 cretico,
1457 1055 1458 1058 Ἴ

198 1078 313 1139 duobus
326 1081 492 1156 anapaestis.
527 1078 587 1137 248
600 1078 714 1137 similis.
747 1078 807 1136 249
821 1077 922 1136 dimet.
935 1097 1022 1153 anap.
1054 1078 1115 1136 250
1128 1077 1239 1134 similis
1255 1076 1336 1133 247.
1457 1079 1458 1102 ¹

199 1183 257 1241 251
288 1181 393 1240 dimet.
424 1201 509 1258 suap.
556 1180 616 1240 252
644 1185 759 1238 tetram.
790 1201 875 1257 susp.
933 1182 993 1239 253
1026 1180 1197 1242 trochaicus
1228 1183 1336 1255 septe-

199 1286 309 1344 narius.
363 1285 424 1343 254
447 1303 491 1360 sq.
520 1283 664 1342 iambicus
693 1283 863 1342 octonarius
892 1301 956 1342 cum
986 1281 1125 1341 clausula.
1174 1281 1337 1340 256-58
1457 1293 1458 1300 ’

199 1387 370 1463 anapaestiei
393 1385 522 1444 dimetri.
574 1387 633 1444 259
658 1405 702 1461 sq.
726 1386 868 1446 iambicus
897 1387 1066 1444 octonarius
1089 1405 1155 1443 cum
1178 1385 1336 1443 clausula.

198 1490 343 1548 261-68
368 1489 540 1566 snapssstici
564 1487 692 1546 dimetri.
739 1489 885 1546 269-70
908 1492 1080 1546 tetrameter
1103 1491 1235 1546 creticus
1262 1507 1335 1546 cum

196 1591 293 1650 tribus
321 1593 488 1667 anapestis.
545 1593 691 1649 271-72
714 1592 795 1648 item.
851 1592 912 1650 273
944 1590 1070 1649 dimeter
1097 1592 1228 1650 creticus
1262 1611 1335 1650 cnm

197 1694 313 1753 dnobus
336 1694 504 1773 anapaestis.
555 1694 615 1752 274
635 1709 676 1746 =
694 1693 766 1752 247.
818 1694 888 1766 275,
912 1695 939 1752 si
961 1693 1061 1752 hiatur
1081 1698 1150 1770 post
1169 1690 1333 1771 qratiam,

196 1798 321 1857 3273.
367 1797 514 1856 276-77
538 1796 657 1855 dimetri
679 1797 860 1872 anapestici.

282 1900 353 1958 224.
387 1899 541 1974 Lysiteles,
568 1898 651 1956 bone
674 1899 754 1972 frugi
777 1897 958 1970 adolescens,
981 1904 1017 1959 ut
1037 1919 1142 1960 nomen
1164 1899 1292 1959 indicat
1316 1920 1335 1958 a

196 2005 342 2060 λυσιτελεῖν
359 2003 490 2074 ductum,
514 2004 599 2079 quasi
622 1999 798 2072 deliberans,
821 2008 920 2060 utrum
945 2003 1038 2061 emori
1061 2009 1091 2060 et
1113 2000 1273 2078 voluptati
1298 2023 1332 2062 ss

196 2104 288 2163 dedat
311 2125 348 2163 sn
371 2105 528 2179 frugaliter
551 2107 641 2178 viret,
664 2103 744 2164 illius
768 2106 835 2164 vite
858 2106 939 2163 vitiis
961 2108 1093 2180 graviter
1119 2104 1331 2181 reprehensis,

197 2207 273 2265 hanc
300 2227 330 2266 se
358 2211 504 2266 rationem
533 2207 673 2283 preferre
700 2209 886 2283 pronuntiat.
942 2202 1069 2281 simitu,
1098 2207 1200 2278 simul,
1229 2227 1264 2264 r.
1291 2209 1332 2268 ad

197 2310 302 2387 Amph.
318 2313 388 2370 625.
406 2339 447 2351 -
467 2311 537 2368 225.
560 2304 750 2385 indipiscor,
775 2310 810 2368 ef.
825 2310 916 2369 Stich.
931 2312 1001 2370 565.
1020 2339 1061 2350 -
1080 2311 1149 2368 226.
1172 2324 1278 2388 coquo
1292 2315 1330 2384 A,

197 2415 216 2474 i.
241 2433 266 2472 e.
291 2432 381 2486 vexo,
415 2414 450 2472 cf.
474 2411 549 2472 Eun.
579 2433 627 2490 ep.
659 2412 718 2472 cic.
742 2413 807 2472 Cat.
836 2414 903 2470 mai.
934 2414 998 2472 init.
1051 2415 1135 2487 Verg.
1159 2413 1229 2472 AEn.
1257 2414 1329 2489 VII,

198 2518 268 2576 345.
292 2545 333 2558 -
356 2509 492 2592 defetiyo
514 2517 550 2574 Δ.
579 2546 609 2556 -
656 2519 726 2576 227.
755 2511 909 2576 centor
930 2517 1035 2574 ultima
1057 2518 1157 2592 longa,
1187 2535 1217 2575 v.
1240 2516 1330 2578 Prol.

195 2641 223 2698 p.
252 2621 310 2678 196
333 2639 377 2695 sq.
399 2649 437 2660 -
461 2634 545 2679 cccc
561 2619 596 2677 A.
619 2649 655 2659 -
681 2619 761 2678 228:
778 2615 947 2696 copitolum
969 2619 1018 2678 cst
1040 2621 1073 2677 Δ.
1099 2648 1138 2660 -
1162 2620 1235 2678 231.
1263 2617 1328 2696 rei,

196 2723 332 2798 questui.
355 2751 397 2761 -
420 2715 466 2779 sit
486 2723 521 2779 Δ.
545 2751 587 2762 -
610 2723 670 2781 232
695 2742 738 2799 sq.
764 2723 881 2798 spurios
904 2721 1015 2780 habent
1037 2721 1071 2781 R.
1092 2722 1137 2780 Fl.
1155 2721 1219 2780 Wr.
1242 2727 1333 2783 mira

196 2824 232 2882 de
255 2845 357 2898 causa,
390 2825 459 2901 quia
487 2826 594 2882 similia
623 2826 684 2883 sint
705 2824 811 2902 Amph.
837 2825 911 2883 627:
950 2823 1052 2894 „Satin
1079 2845 1174 2904 parua
1202 2845 1253 2884 res
1281 2837 1331 2887 est

196 2926 384 3004 uoluptatum
415 2929 445 2984 in
475 2929 540 2986 uita
570 2933 659 3004 atque
681 2931 713 2985 in
736 2931 834 2985 aetate
856 2925 1004 3004 agunda“.
1047 2928 1106 2986 Sed
1127 2927 1202 2985 illud
1226 2931 1329 2988 anim·
1442 2918 1443 2947 ³

196 3029 419 3102 advertendum,
451 3030 503 3088 hos
527 3049 629 3090 versus
652 3050 717 3088 cum
740 3033 876 3106 sequenti
899 3031 1065 3105 iungendos
1087 3051 1150 3090 esse
1171 3049 1227 3089 nec
1248 3040 1327 3108 post

201 3129 383 3206 „agundsm“
410 3133 498 3208 plene
520 3133 799 3212 interpungendum.
828 3163 870 3175 ·-
899 3135 968 3192 234.
996 3129 1080 3194 sutis
1107 3128 1204 3207 baud,
1228 3154 1257 3191 v.
1285 3135 1325 3194 ad

196 3235 263 3292 Aul.
278 3236 349 3292 224.
362 3231 490 3308 —m'si
516 3234 554 3293 sd
566 3235 633 3294 Aul.
648 3238 718 3295 357.
732 3265 774 3275 -
791 3231 839 3296 sic
857 3237 891 3296 A.
911 3265 950 3276 -
974 3237 1045 3295 235.
1076 3229 1120 3296 Ut
1130 3239 1163 3294 A.
1177 3265 1218 3275 -·
1234 3253 1323 3314 reus,

196 3337 230 3394 cf.
256 3339 293 3395 sd
317 3339 387 3397 220.
413 3340 547 3399 -237,
571 3336 644 3397 Post
667 3353 756 3413 quem
779 3339 894 3412 biatur;
917 3337 964 3397 Fl.
992 3335 1194 3416 „quemnam“.
1220 3369 1262 3380 -
1287 3356 1324 3400 sc

196 3434 364 3515 expediant
382 3443 417 3512 A,
440 3442 499 3520 te„
517 3461 547 3500 se
569 3441 737 3499 ostendent.
761 3469 802 3482 -
826 3444 897 3501 239.
923 3436 1081 3516 Postulat,
1106 3443 1141 3500 cf.
1161 3441 1320 3518 adAmpb.

197 3545 266 3602 357.
290 3571 331 3584 -
355 3538 523 3620 inpiaque
545 3540 690 3616 conicere
712 3549 748 3602 ut
768 3545 949 3621 'compellere
972 3545 1060 3604 Poen.
1086 3546 1156 3607 647.
1181 3573 1221 3584 -—
1245 3547 1320 3606 240.

193 3640 274 3719 petit
295 3645 329 3704 A.
366 3675 402 3688 -
438 3641 601 3706 blartditwr
629 3665 694 3705 cum
723 3646 883 3706 Ritschelio
919 3651 1051 3725 spurium
1082 3648 1190 3720 haboo;
1230 3648 1321 3727 plura

197 3748 274 3806 enim
303 3749 334 3806 in·
364 3749 418 3808 hoc
447 3751 562 3808 cantico
591 3750 699 3808 similis
727 3749 932 3809 additamenta
961 3752 1008 3809 vel
1037 3752 1215 3828 glossemata
1236 3753 1319 3811 inre·

196 3852 325 3922 niuster,
360 3871 388 3910 v.
413 3854 491 3926 241,
526 3852 597 3910 242.
626 3881 669 3892 -
704 3845 741 3911 ab
759 3868 821 3925 ·re,
857 3859 961 3912 contra
994 3873 1070 3925 rem,
1099 3875 1127 3914 r.
1160 3852 1198 3911 ad
1231 3853 1318 3932 caps
1441 3848 1442 3862 ¹

198 3953 267 4012 337.
292 3981 329 3994 -
356 3953 426 4013 241.
455 3948 606 4031 herpone,
636 3973 738 4032 rapax.
794 3969 922 4030 cippos,
957 3957 1148 4033 cupediae-nm
1175 3961 1317 4015 sectator.

195 4056 418 4117 LoewiusAnn.
438 4055 510 4136 phil.
524 4057 590 4116 cxl
611 4079 640 4136 p.
667 4061 726 4118 533
750 4077 785 4115 ex
807 4056 914 4117 Isidori
936 4059 1025 4136 gloss.
1050 4057 1149 4117 affert:
1175 4079 1316 4137 „cuppos,

194 4143 375 4232 fastidiosus,
416 4159 570 4236 superbus,
609 4159 763 4237 cupidus“.
799 4189 839 4200 -
869 4176 986 4232 arcanis
1004 4161 1063 4220 del.
1090 4161 1189 4222 Herm.
1211 4159 1246 4220 R
1271 4191 1312 4204 -

194 4257 332 4339 clepens,
366 4261 471 4320 ultima
494 4263 607 4337 syllaba
629 4282 684 4342 pro
707 4263 789 4323 brevi
812 4268 865 4322 est.
918 4263 1124 4336 G011.x1,s:
1165 4263 1311 4338 „Elegsna

196 4365 282 4422 homo
305 4385 362 4424 non
386 4366 541 4424 dicebatur
563 4385 628 4424 cum
650 4367 746 4438 lande,
777 4366 829 4426 sed
851 4367 883 4425 id
905 4367 968 4425 fere
990 4368 1112 4427 verbum
1136 4367 1172 4425 ad
1196 4373 1310 4427 etatem
