3002 5000
467 1778 792 1862 rutundus,

530 2021 724 2086 Arcturus

106 2175 166 2254 Qui
190 2181 305 2257 gentes
329 2177 434 2240 omnis
459 2177 627 2259 marisque
651 2183 683 2240 et
705 2183 810 2242 terres
833 2183 952 2257 mouet,

105 2283 184 2348 Eius
209 2305 280 2348 sum
304 2283 386 2348 ciuis
409 2285 543 2349 ciuitate
567 2285 729 2350 caelitum.

105 2392 156 2456 Ite
178 2413 253 2457 sum
274 2401 312 2457 ut
333 2393 454 2460 uidetis
477 2390 652 2476 splendens
675 2392 771 2458 stelle
794 2391 945 2474 candidu,

105 2500 240 2583 Signum
263 2500 351 2584 quod
373 2521 502 2585 semper
524 2508 672 2584 tempore
695 2503 840 2568 exeritur
863 2523 921 2568 suo

104 2609 166 2675 Hie
188 2615 289 2694 etque
311 2609 344 2673 in
368 2609 476 2691 eeelo;
499 2630 616 2674 nemen
639 2611 778 2675 Arcturo
801 2617 854 2675 est
876 2610 966 2676 mihi.
1168 2629 1184 2680 5

103 2717 211 2784 Noetu
235 2737 306 2782 sum
329 2707 363 2782 in
387 2718 476 2784 caelo
500 2718 608 2784 clerus
632 2726 732 2803 atque
754 2719 841 2784 inter
862 2717 951 2799 deos,

104 2825 194 2892 Inter
216 2827 364 2892 mortalis
390 2825 521 2892 ambulo
544 2825 715 2893 interdius.

103 2935 147 2999 Et
170 2935 235 3001 elia
256 2935 350 3018 signu
372 2935 412 3001 de
436 2935 526 3002 caelo
550 2937 591 3000 ed
615 2943 737 3002 terrem
761 2935 924 3000 accidunt.

105 3043 168 3122 Qui
189 3053 240 3110 est
261 3046 443 3127 imperator
465 3045 574 3109 diuum
597 3050 696 3127 etque
718 3044 885 3110 huminum
908 3043 1064 3129 Iuppiter,

103 3153 135 3217 Is
157 3173 215 3219 nus
238 3175 296 3236 per
318 3159 431 3234 gentes
454 3153 555 3218 alium
580 3152 656 3218 eliu
669 3151 827 3236 disparet,
1152 3173 1183 3223 10

105 3261 167 3339 Qui
188 3259 277 3328 iaetu
299 3261 477 3340 hominnm,
501 3281 617 3334 mores,
641 3263 795 3344 pietatem
819 3267 853 3325 et
874 3260 970 3326 fidem

104 3367 294 3445 Nossemus,
317 3376 355 3434 ut
378 3389 537 3453 quemque
560 3369 696 3434 adiuuet
718 3369 894 3452 opulentia.

106 3476 169 3554 Qui
190 3475 291 3544 falsus
314 3477 383 3543 litis
405 3477 498 3544 falsis
520 3479 718 3544 testimoniis

105 3585 224 3651 Petunt
245 3588 368 3670 quique
391 3588 425 3652 in
447 3589 517 3652 iure
540 3587 696 3652 abiurant
719 3587 899 3670 pecuniam,

104 3692 225 3759 Eorum
248 3695 420 3761 referimus
443 3697 576 3762 nomine
599 3697 761 3779 exscripta
784 3695 827 3760 ed
849 3695 969 3760 Iouem.
1150 3713 1182 3765 15

106 3799 233 3869 Cotidie
254 3802 310 3868 ille
333 3805 404 3882 seit,
428 3806 502 3888 quis
527 3804 579 3868 hie
602 3810 740 3887 quaeret
762 3802 890 3867 mulum.

107 3907 170 3986 Qui
191 3910 242 3976 hie
264 3912 356 3978 litem
378 3913 481 3996 apisci
503 3913 673 3998 postulant
696 3913 839 3996 periurio

108 4016 193 4097 Mali,
213 4040 265 4086 res
288 4018 390 4086 falses
413 4021 469 4104 qui
491 4022 658 4105 inpetrent
679 4019 764 4102 apud
788 4019 938 4098 iudicem,

71 4205 263 4218 --—·———..-..

156 4309 322 4366 lomneeO
370 4308 525 4364 2euiue0
579 4311 659 4364 elta
678 4313 708 4363 ut
726 4309 827 4364 uidetis
846 4307 947 4363 sumO
1002 4308 1137 4378 plendens
1155 4307 1182 4363 B

68 4392 270 4450 'tmortuleO
341 4398 372 4448 10
389 4395 523 4464 gentico
592 4397 623 4449 17
641 4395 749 4464 pelorio
767 4393 802 4459 Β,
820 4392 971 4465 peiorin
