2930 5002
285 499 325 560 98
796 490 888 545 Plauti

733 681 962 762 Ampelisca

284 793 402 858 Mulier
425 798 491 870 est3
515 789 683 856 muliebris
705 812 770 855 uox
793 791 871 855 mihi
896 791 937 854 ad
961 791 1051 855 auris
1075 791 1175 855 uenit.

737 945 949 1011 Palaestra

285 1055 406 1134 Iamae,
430 1055 522 1136 Spes,
545 1075 594 1120 me
616 1055 802 1136 eximesex
824 1055 886 1118 hoc
910 1056 1062 1119 miseram
1085 1056 1196 1119 metu?

733 1209 962 1289 Ampelisca

287 1319 386 1386 Certo
409 1339 474 1385 uox
496 1317 665 1384 muliebris
687 1319 799 1400 tetigit
821 1319 911 1383 auris
934 1339 1032 1385 meas.

741 1472 958 1540 Palaestra

286 1585 371 1650 Num
392 1581 578 1668 Ampelisca
601 1581 796 1673 obsecrost?-

733 1737 962 1818 Ampelisca

833 1845 913 1923 Ten,
936 1845 1119 1926 Palaestra,
1141 1845 1260 1912 audio?

740 2001 952 2067 Palaestra

289 2110 373 2190 Quin
396 2131 490 2190 uoco,
512 2117 549 2174 ut
571 2130 622 2175 me
644 2109 768 2189 audiat,
791 2111 921 2176 nomine
943 2109 1033 2176 illam
1057 2110 1150 2178 suo?
1353 2123 1395 2178 tet

288 2219 484 2304 Ampelisca.

734 2328 959 2410 Ampelisca
1074 2395 1079 2402 ,

534 2435 626 2516 Hem,
649 2437 723 2520 quis
747 2439 819 2502 est?

740 2578 951 2644 Palaestra

863 2689 933 2778 Ego
957 2688 1125 2754 Palaestra
1147 2689 1221 2768 ipsa
1242 2706 1317 2753 sam

736 2826 963 2906 Ampelisca

288 2913 348 2977 Dic
371 2910 427 2977 ubi
450 2913 506 2976 es?

741 3032 954 3098 Palaestra

556 3140 615 3206 Pol
638 3161 698 3224 ego
721 3163 808 3206 nunc
830 3143 864 3206 ia
886 3143 982 3207 malis
1004 3141 1172 3226 plurumis.

737 3279 959 3360 Ampelisca

289 3387 387 3454 Secia
409 3408 480 3453 sum
503 3408 563 3452 nec
586 3389 692 3453 minor
713 3409 790 3471 pars
814 3409 887 3453 mea
909 3396 960 3454 est
982 3409 1082 3472 quam
1105 3393 1171 3452 tue.

288 3495 351 3562 Sed
374 3495 488 3562 uidere
510 3499 628 3579 expeto
650 3501 693 3561 te.

741 3633 955 3700 Palaestra

749 3743 830 3808 Mihi
853 3763 887 3808 es
910 3742 1048 3809 aemula.

735 3880 964 3961 Ampelisca

288 3987 535 4073 consequamur
556 3988 665 4072 gradu*
683 4009 806 4056 uocem.
853 3989 915 4054 Ubi
939 3991 999 4056 est

375 4231 425 4283 232
444 4229 516 4284 Arate
533 4227 635 4283 eximes
654 4229 756 4284 lacuna
773 4230 892 4284 daciam
910 4227 1066 4285 litterarum
1155 4231 1206 4284 233
1225 4229 1295 4283 auris
1312 4221 1398 4290 tetigit

376 4317 425 4370 236
444 4315 533 4390 palest
552 4313 586 4382 B,
605 4313 697 4384 palam
716 4315 801 4369 estG
893 4317 943 4369 238
962 4314 1040 4368 Setia
1139 4317 1189 4370 239
1207 4311 1349 4370 essaemuls
1365 4308 1397 4376 B,
1453 4321 1454 4384 l

289 4416 350 4455 esse
367 4399 486 4454 malac
