2890 5004
268 497 331 564 440
783 497 875 554 Persa

267 693 351 752 Curc.
378 693 447 753 562.
474 723 508 732 -
534 694 605 752 432.
631 687 755 752 Mirum
773 689 858 770 quin,
881 694 916 752 cl.
943 695 1012 753 338.
1034 725 1073 734 -
1097 695 1167 753 Post
1194 693 1375 767 „credereme

268 798 380 871 biatus3
403 795 445 874 R„
460 799 511 869 „ut
532 793 612 854 idem
634 799 665 853 tu
688 793 790 856 mihi“.
810 825 849 836 -·
867 797 939 856 433.
956 793 1079 871 passim
1097 796 1142 873 R.‚
1166 798 1202 856 cl.
1216 797 1300 870 Trin.¹
1315 801 1379 856 835.

267 931 309 942 ·-
321 903 391 960 435.
406 894 558 973 expoliti,
578 899 655 972 circi,
668 897 719 956 ubi
737 897 919 957 habebantur
933 902 1113 960 venationes.
1148 901 1236 972 Quod
1248 900 1381 958 ludorum

266 1023 360 1082 genus
378 1023 464 1080 quam
483 997 636 1079 antiquum
654 1001 863 1074 incubitum,
882 1003 1068 1078 igncrnmum
1092 1003 1143 1063 sed
1161 1023 1254 1081 quum
1275 1005 1334 1062 iam
1347 1004 1382 1061 ll.

268 1107 391 1166 Fulvius
421 1125 446 1164 a.
471 1125 496 1164 a.
520 1103 589 1162 chr.
617 1104 674 1162 186
697 1104 815 1162 leonum
839 1109 870 1162 et
891 1105 1103 1181 pantherarum
1126 1108 1315 1164 venationem
1338 1106 1383 1163 dc·

267 1208 355 1282 derit,
387 1229 413 1268 v.
437 1206 502 1267 Liv.
525 1205 663 1279 XXXIX,
690 1207 744 1278 22,
774 1208 808 1280 2,
837 1227 896 1266 non
925 1211 970 1266 eet
992 1207 1130 1282 dubium,
1164 1211 1237 1284 quin
1261 1210 1382 1268 aliarum

267 1313 396 1371 ferarum
424 1309 535 1368 luerint
562 1315 657 1368 antee.
712 1307 881 1368 Floralibus
911 1316 987 1369 teste
1017 1310 1124 1370 Ovidio
1148 1311 1229 1370 Fast.
1254 1311 1295 1386 V,
1329 1313 1381 1370 371

270 1434 343 1492 „prc
368 1412 486 1489 Libycis
516 1410 696 1470 clauduntur
728 1417 791 1469 rete
824 1412 925 1471 leaenis
957 1413 1094 1472 imbelles
1128 1433 1243 1493 capreae
1277 1415 1382 1473 sollici-

267 1523 374 1594 tusque
401 1510 515 1591 lepus“.
571 1513 666 1573 Varro
695 1518 794 1573 autem
823 1515 857 1574 R.
880 1514 915 1574 R.
939 1514 998 1588 111,
1030 1517 1082 1576 13:
1119 1515 1234 1590 „Tanto
1264 1519 1383 1576 circurn-

266 1619 354 1679 fluxit
382 1638 436 1676 nos
460 1635 612 1675 cervorum
636 1635 774 1692 aprorum
798 1622 830 1676 et
850 1624 1014 1677 ceterarum
1038 1619 1264 1696 quadrupedum
1289 1621 1383 1678 mulli·

267 1723 349 1796 tudo,
373 1727 485 1780 utnon
510 1723 605 1778 minus
627 1719 787 1778 formosum
810 1720 883 1779 mihi
905 1722 1001 1780 visum
1023 1723 1062 1782 sit
1079 1724 1282 1798 spectaculum
1299 1743 1382 1800 quam

267 1827 297 1884 in
326 1825 403 1883 circo
430 1826 558 1882 maximo
581 1822 719 1895 aedilium,
748 1823 811 1880 sine
833 1822 980 1882 Africanis
1004 1824 1106 1883 bestiis
1129 1844 1218 1901 quum
1242 1825 1319 1884 fiunt
1340 1845 1383 1882 ce·

267 1921 431 1987 nationes“.
455 1955 496 1966 -
518 1927 590 1984 436.
614 1925 721 1998 erunt,
745 1943 808 1982 esse
830 1924 960 1999 videbis,
982 1945 1009 1984 v.
1035 1926 1072 1985 ad
1095 1927 1178 1987 Asin.
1204 1930 1282 1987 uzu:
1315 1929 1382 2003 „llic

266 2031 386 2089 inerunt
407 2030 514 2103 uiginti
537 2021 663 2086 minae“.
693 2057 734 2068 -
768 2028 838 2086 439.
872 2022 941 2101 boc,
971 2034 1142 2106 argentum,
1175 2027 1381 2106 spectandum

266 2139 365 2193 utrum
388 2131 515 2210 probum
537 2131 577 2188 sit
598 2151 636 2189 an
657 2150 725 2190 nan.
771 2128 905 2190 Donatus
923 2131 960 2188 ad
978 2131 1044 2190 Ter.
1063 2131 1138 2192 Eun.
1153 2136 1213 2194 566
1234 2130 1381 2210 („clegnns

267 2238 427 2296 formarum
447 2228 632 2313 spectator“)
656 2233 794 2291 adnotat:
820 2233 1004 2320 „Spectatum
1027 2235 1180 2310 probator,
1203 2242 1238 2295 ut
1254 2241 1381 2315 pecunia

165 2327 166 2330 ¹
266 2344 448 2419 spectatores
477 2333 643 2396 dicentur“.
700 2335 801 2394 Graece
830 2336 989 2410 δοκιμαστὴς
1017 2337 1135 2396 dicitur.
1191 2339 1255 2397 Hoc
1283 2359 1381 2413 argan-

266 2441 407 2500 tariorum
426 2459 530 2498 munus
549 2445 601 2499 est.
646 2437 776 2514 Toxilus,
794 2421 874 2515 quod
891 2433 960 2498 lenc
981 2439 1106 2511 dubitet,
1124 2440 1253 2500 irridens
1271 2445 1380 2518 quaerit.

268 2563 336 2602 num
366 2541 477 2602 'metuat
506 2563 605 2601 eorum
636 2542 724 2600 alicui
753 2561 886 2602 nummos
909 2540 1085 2620 spectandos
1108 2546 1139 2600 in
1162 2563 1283 2603 manum
1306 2547 1378 2603 darc.

266 2647 343 2704 Mire
367 2651 467 2704 errant
497 2646 548 2722 qui
580 2641 688 2720 „mihi“
719 2643 853 2703 audiunt.
911 2645 993 2704 Leno
1022 2667 1048 2704 v.
1073 2645 1133 2704 441
1160 2641 1310 2706 Mintur?
1342 2669 1379 2704 rc-

266 2748 401 2826 spondet,
426 2747 447 2807 i.'
469 2767 493 2805 e.
520 2767 556 2806 cn
579 2746 635 2805 boc
658 2749 765 2805 mirum
788 2745 854 2805 eet?
889 2747 944 2806 Oui
959 2746 1098 2806 Toxilus:
1125 2748 1237 2821 „Immo
1257 2753 1282 2808 si
1304 2770 1379 2826 spec·

266 2853 324 2910 tari
354 2852 412 2924 vis,
446 2849 666 2928 properandum
690 2854 750 2923 est,
784 2869 851 2908 nam
881 2851 967 2909 adest
994 2856 1109 2928 tempus
1140 2871 1199 2928 qno
1224 2855 1377 2926 argentarii

265 2954 360 3013 forum
395 2947 598 3030 relinquunt“.
655 2951 702 3011 Sic
734 2953 907 3030 interpunxi
941 2959 972 3013 et
1003 2954 1096 3013 verba
1129 2955 1210 3012 inter
1242 2974 1375 3032 personas

266 3057 397 3115 distinxi.
453 3055 619 3114 Acidalius:
658 3055 783 3128 „Mirum
816 3057 887 3134 quin
916 3053 976 3096 —“
1008 3056 1135 3135 abrupta
1164 3059 1310 3130 oratione,
1337 3059 1373 3115 ni·

265 3161 320 3218 mis
342 3159 476 3220 obscure.
521 3158 554 3217 R.
583 3153 775 3232 „Nimirum“,
805 3159 884 3235 quod
906 3181 925 3217 a
945 3160 1053 3219 Plauto
1076 3159 1231 3220 abiudicut
1251 3161 1371 3237 Langen.

265 3263 356 3335 Beitr.
380 3284 409 3341 p.
437 3259 504 3321 135.
528 3290 567 3300 -
593 3261 665 3319 443.
691 3263 783 3336 „istuc
802 3257 933 3322 auoreis“
954 3261 1078 3335 (lamen,
1104 3264 1198 3336 „istnc
1220 3265 1369 3323 aaronis*

265 3364 382 3439 Lamb.;
406 3363 477 3441 egc':
499 3360 580 3421 istuc
604 3365 637 3423 lu
657 3359 790 3425 alloicia.
809 3395 850 3404 -
869 3367 941 3424 444,
964 3360 1096 3438 Eadem,
1120 3386 1147 3424 v.
1162 3366 1200 3424 ad
1217 3365 1317 3424 Bacch.
1330 3367 1370 3422 47.

157 3537 161 3540 ,
265 3497 305 3508 -
329 3470 400 3527 446.
430 3460 663 3550 Supplicatum,
693 3473 727 3526 ut
748 3473 871 3544 propter
893 3468 1061 3527 libertatem
1086 3469 1148 3526 deis
1170 3470 1282 3545 gratias
1304 3473 1368 3544 agat.

350 3571 420 3629 448.
452 3568 613 3646 Postquam
632 3570 707 3627 abiit
729 3571 804 3643 leno,
822 3569 945 3629 Toxilus
968 3591 1064 3629 secum
1089 3569 1125 3628 de
1148 3591 1291 3649 prospero
1312 3591 1369 3628 can·

263 3675 396 3732 siliarum
419 3691 539 3731 suorum
562 3677 670 3732 eventu
692 3673 838 3751 loquitur,
874 3679 904 3732 et
931 3679 966 3732 ut
993 3673 1124 3751 quidque
1146 3680 1225 3731 recte
1249 3681 1279 3732 et
1298 3691 1368 3732 accu-

265 3779 328 3833 rate
351 3781 472 3853 agatur,
507 3777 548 3834 ita
571 3774 645 3833 bene
673 3777 790 3834 evenire
821 3773 958 3836 affirmat.
1014 3775 1152 3834 Editorea
1181 3776 1249 3834 binc
1276 3794 1367 3834 novam

265 3898 380 3936 scenam
413 3878 573 3956 incipiunt,
608 3879 690 3937 cuius
723 3880 753 3936 in
787 3877 871 3936 codd.
902 3878 1015 3937 nullum
1050 3879 1205 3954 vestigium
1240 3886 1298 3953 cst;
1327 3877 1366 3954 qui

264 3986 362 4039 autem
385 3983 416 4039 in
438 3985 520 4040 actus
543 3980 654 4040 divisas
675 3980 765 4040 fuisse
787 3981 943 4038 Plautinas
965 3979 1080 4038 fabulas
1109 3982 1249 4056 credunt,
1281 3980 1366 4058 quarti

264 4089 346 4144 nctus
369 4084 425 4142 boc
442 4085 619 4162 principium
638 4084 759 4142 faciunt.
804 4083 886 4143 Unus
905 4083 1044 4144 dissentit
1060 4082 1199 4142 Schmitu.
1213 4083 1250 4143 dc
1266 4091 1366 4144 actuum
1412 4151 1418 4166 ·

264 4188 294 4245 in
328 4186 427 4245 Pleut.
464 4185 523 4244 feb.
558 4187 755 4264 descriptione
787 4208 817 4265 p.
854 4189 903 4247 25.
961 4185 1139 4264 Spengeliue
1173 4182 1242 4266 (Die
1275 4189 1366 4245 Acten-

264 4289 448 4364 eintheilung
465 4287 518 4345 der
529 4285 705 4347 Comoedien
722 4286 774 4346 des
785 4288 910 4347 Plautus
920 4309 950 4364 p.
967 4286 1017 4363 16)
1035 4287 1187 4363 vulgatam
1206 4292 1368 4349 sententiam
