2930 5002
250 489 308 549 120
757 481 848 537 Plauti

723 671 883 738 Labrax

212 873 216 880 .
247 783 370 866 Nempe
393 781 544 866 puellae?

695 913 911 993 Sceparnio

581 1021 703 1104 Nempe
726 1021 882 1086 molestus
905 1042 947 1086 es.
995 1021 1070 1087 Uise
1092 1023 1189 1101 intro,
1213 1023 1240 1086 si
1262 1021 1350 1086 lubet.

729 1175 885 1241 Labrax
1254 1133 1259 1164 Ι

214 1311 217 1320 ’
247 1285 337 1350 Meas
360 1290 490 1370 oportet
511 1285 601 1349 intus
624 1304 696 1349 esse
719 1283 772 1348 hie
795 1283 956 1364 mulieres,
980 1285 1024 1349 mi
1048 1282 1249 1350 Charmides.

692 1437 922 1503 Charmides

247 1549 396 1632 Iuppiter
418 1553 450 1612 te
474 1545 600 1630 perdet,
623 1551 656 1611 et
679 1547 706 1611 si
730 1553 861 1612 suntet
885 1548 913 1611 si
935 1567 999 1612 non
1022 1553 1098 1612 sunt
1120 1553 1238 1613 temen.

707 1698 886 1786 'Labrco
945 1780 947 1788 Α

178 1841 184 1853 ·
250 1809 340 1874 Intro
363 1830 513 1893 rumpam
535 1809 685 1893 iamlhue
707 1811 740 1875 in
764 1809 904 1876 Ueneris
925 1810 1045 1876 fenum.

694 1961 925 2030 Charmides

925 2073 963 2138 ln
986 2073 1180 2139 barathrum
1204 2073 1354 2139 meuelim.
1443 2092 1449 2174 =¹

251 2179 407 2260 Obsecro,
423 2180 553 2264 hospes,
572 2179 615 2245 de
632 2179 711 2246 mihi
729 2180 854 2265 aliquid
873 2182 930 2247 ubi
949 2182 1207 2248 condormiscam
1225 2182 1356 2248 laciaco

701 2335 916 2416 Sceparnio
1072 2405 1074 2410 ¹

251 2447 327 2511 Istic
349 2445 406 2509 ubi
430 2446 480 2508 uis
504 2443 743 2523 condormisce3
766 2464 860 2509 nemo
884 2443 1045 2529 prohibet,
1068 2443 1235 2528 publicum
1258 2453 1313 2508 est.

694 2597 922 2663 Charmides

251 2710 294 2773 At
316 2707 409 2773 uides
431 2727 491 2786 me,
514 2711 648 2770 ornatus
671 2715 708 2770 uc
731 2708 791 2771 sim
814 2709 1020 2773 uestimentis
1043 2708 1163 2774 uuidis.

252 2817 371 2899 Recipe
394 2836 444 2880 me
467 2816 500 2878 in
522 2819 655 2892 tectum,
678 2814 720 2878 de
743 2814 822 2879 mihi
846 2817 1035 2881 uestimenti
1057 2816 1182 2900 aliquid
1206 2815 1297 2892 aridi,

251 2925 335 2989 Dum
358 2944 430 2989 mee
452 2928 617 3002 arescunt3
639 2923 673 2986 in
697 2923 806 3007 aliquo
830 2925 892 2989 tibi
914 2927 1053 3008 gratiam
1076 2924 1215 2991 referem
1240 2923 1311 2989 loco.

702 3076 771 3143 Soc
805 3079 917 3142 araia

252 3185 412 3267 Tegillum
434 3185 572 3251 eccillud
595 3186 675 3250 mihi
696 3097 828 3250 un'iofim
852 3193 938 3266 eret3
961 3188 995 3252 id
1019 3189 1045 3252 si
1069 3189 1129 3264 uis,
1154 3188 1250 3253 dabo.
1317 3201 1359 3254 565

253 3294 377 3358 Eodem
399 3294 546 3374 amictus,
570 3294 683 3359 eodem
705 3299 811 3360 tectus
834 3316 905 3360 esse
929 3295 1028 3374 soleo,
1051 3296 1079 3360 si
1102 3293 1196 3379 pluit.

252 3402 300 3466 Tu
323 3403 423 3467 isteec
446 3401 525 3467 mihi
548 3403 641 3484 det03
665 3410 854 3468 exarescent
876 3403 960 3468 faxo.

695 3574 924 3640 Charmides

987 3683 1068 3763 Eho,
1092 3703 1133 3747 en
1156 3690 1190 3748 te
1213 3683 1358 3766 poeniten

251 3788 288 3853 In
312 3789 402 3854 meri·
416 3789 504 3872 quod
527 3788 623 3870 claui,
647 3791 679 3856 ni
702 3791 809 3858 hicio
833 3799 923 3857 terre
945 3793 1064 3859 iterum
1087 3791 1220 3857 eluem?

337 4029 388 4082 556
405 4027 480 4098 pulle
496 4027 525 4082 B
589 4036 632 4085 ert
700 4032 773 4086 intro
792 4048 842 4087 am
913 4033 963 4086 557
981 4047 1042 4086 esse
1058 4031 1135 4084 intus
1153 4046 1215 4084 esse
1231 4028 1260 4084 B
1321 4043 1360 4080 me

252 4117 304 4170 560
321 4115 376 4169 loci
393 4113 442 4168 ubi
461 4115 682 4172 condormiscam
702 4117 724 4173 0
807 4119 857 4171 566
876 4119 948 4172 nesti
967 4116 1073 4185 aliquid
1088 4114 1146 4182 ΒΟ,
1166 4114 1269 4184 aliquid
1287 4112 1360 4167 ussti-

252 4199 368 4255 mentA
435 4201 487 4255 564
505 4206 635 4257 arescunt
652 4220 713 4257 mea
782 4205 845 4257 loco
864 4219 913 4258 oro.
983 4204 1034 4256 565
1052 4201 1186 4270 'sigillum
1204 4200 1258 4256 Bo
1318 4214 1357 4251 θῦ-

253 4287 349 4341 cillum
366 4285 401 4354 A,
419 4301 451 4341 ec
469 4285 538 4342 illud
554 4287 588 4357 B,
608 4305 641 4343 eo
658 4288 771 4344 illudo
829 4305 914 4343 unum
932 4287 984 4343 Bc
1047 4289 1133 4342 eretis
1150 4289 1173 4341 si
1191 4287 1248 4350 Bc,
1267 4282 1359 4340 arescit

253 4378 278 4432 si
295 4378 322 4432 Δ
390 4379 440 4434 566
456 4374 549 4447 pluuit
616 4375 667 4429 566
684 4391 720 4429 ne
788 4376 891 4429 iterum
909 4373 1001 4430 ormO
1070 4391 1116 4430 me
1131 4373 1207 4427 luam
1223 4371 1252 4426 B
