3002 5000
245 473 285 532 60
759 469 851 526 Plauti

703 657 908 726 Dordalus

244 767 324 846 Quin
345 766 431 834 fuit?
455 765 508 834 dio
529 787 658 833 nomen.

749 887 867 970 Uiruo

598 996 683 1075 Quid
705 995 799 1062 illum
821 996 974 1062 minorum
998 1016 1182 1076 memorem,
1204 997 1260 1080 qui
1282 997 1367 1063 fuit?

241 1106 336 1171 Nuno
348 1111 381 1170 ot
392 1104 485 1170 illum
496 1104 650 1171 Miserum
663 1111 697 1171 et
714 1126 765 1171 me
778 1103 929 1170 Miserum
942 1124 1082 1189 aequom
1093 1111 1143 1170 est
1155 1107 1366 1172 nominorier.

693 1225 753 1290 Do
765 1225 907 1290 rdalus

243 1333 457 1411 Quoiunmodi
480 1334 509 1398 in
532 1335 564 1398 in
588 1333 709 1418 populo
732 1333 867 1398 habitus
890 1333 964 1398 ost?

745 1453 776 1522 U
778 1454 865 1535 irqo

791 1561 894 1627 Nemo
918 1562 1092 1645 quiequam
1114 1563 1295 1646 uooopti0r3
1312 1579 1367 1633 646

242 1671 336 1737 Serui
357 1671 520 1755 liberique
542 1670 709 1737 amabunt.

721 1796 887 1862 Yonilus

742 1905 914 1971 Hominem
937 1906 1093 1970 minorum
1117 1904 1299 1989 praedicas,

242 2014 347 2093 Quom
370 2022 401 2081 et
423 2017 513 2101 ipsus
537 2014 638 2100 probe
663 2015 812 2100 perditus
836 2023 887 2080 ent
909 2019 942 2079 ot
964 2011 1191 2079 beneuolentin
1211 2014 1367 2098 perdidit.

703 2150 905 2218 Dordalus

118 2267 122 2274 ·
240 2237 364 2318 limam,
389 2239 514 2322 opinor.

713 2346 888 2411 OEoxilus

454 2453 561 2520 Etiam
588 2456 768 2540 „opin0r“?
813 2455 946 2520 Summo
969 2473 1088 2538 genero
1111 2473 1182 2520 osso
1205 2453 1369 2536 arbitron

240 2564 382 2630 Diuition
405 2569 442 2629 tu
465 2585 504 2630 ex
526 2565 611 2630 intuo
632 2563 742 2631 funins.

696 2683 904 2749 Dordalus

773 2792 825 2858 Ita
846 2791 880 2858 di
902 2791 1015 2857 faxint.

718 2935 882 3002 Tooeliuo

1061 3020 1139 3086 Eme
1161 3020 1269 3088 modo.

743 3130 812 3197 Uir
845 3149 862 3193 o

236 3238 305 3304 Ionr
335 3237 397 3303 hoo
424 3237 486 3303 tibi
514 3237 603 3304 dico:
637 3244 784 3304 actutum
814 3152 943 3304 densior
971 3257 1061 3303 moun
1085 3243 1196 3321 pater,
1230 3235 1287 3302 ubi
1310 3259 1364 3302 me

951 3347 1033 3412 sciet
1309 3363 1363 3417 650

238 3454 407 3520 Veniuisno
430 3452 503 3533 huo,
527 3454 635 3519 aderit
655 3461 689 3520 ot
710 3475 761 3519 me
786 3454 845 3520 abn
868 3461 901 3519 te
923 3454 1072 3520 redimet.
1367 3461 1370 3466 '

716 3597 882 3663 Toxilus

962 3705 1048 3784 Quid
1070 3705 1178 3771 nuno?

692 3814 901 3880 Dordalus

1177 3898 1262 3978 Quid
1286 3901 1361 3964 ont?

320 4108 371 4160 646
390 4107 521 4160 minorum
540 4121 588 4160 om.
610 4105 633 4160 0
715 4107 766 4159 646
783 4103 844 4172 Quo
862 4105 983 4159 lunmodi
1001 4103 1036 4173 Β,
1055 4103 1238 4172 Quouinmodi
1257 4103 1280 4158 0

235 4193 286 4244 647
305 4195 332 4244 ei
352 4207 402 4246 om.
488 4192 539 4246 648
559 4208 666 4246 sommo
685 4207 788 4260 genere
806 4191 906 4259 opinor
926 4189 951 4244 B
1045 4192 1097 4245 646
1115 4189 1249 4244 Diuitinnt
1266 4189 1363 4243 nexint

236 4295 267 4330 no
285 4276 313 4330 B
398 4277 481 4331 inoien
502 4293 533 4330 no
552 4275 679 4331 suoienG
759 4276 850 4330 suini.
868 4283 895 4330 te
913 4275 1000 4331 meO
1090 4277 1142 4330 650
1160 4277 1214 4330 inm
1233 4281 1362 4330 oninium

234 4365 283 4418 661
305 4361 420 4418 Ueninnu
439 4362 492 4416 huc
511 4363 601 4417 aderit
620 4362 664 4417 hio
734 4364 880 4418 obsonium
899 4361 1018 4416 redimet
