2920 4998
523 494 555 548 v.
577 497 666 550 1-42.
1095 503 1156 563 565

32 693 135 748 ortum
159 693 212 749 eet.
244 721 280 730 —
312 684 465 750 Meritum
486 686 661 750 uooeiamA
691 695 721 748 et
744 691 862 764 Cicero,
896 713 923 750 v.
947 693 1084 751 instead
1107 675 1156 769 25,

33 793 68 850 of.
95 795 146 851 26.
170 793 236 852 Aul.
256 795 332 854 731:
371 815 435 868 „me
458 795 792 872 eulpamoonmeritum
815 790 906 856 seio“.
951 797 1017 854 Ter.
1037 796 1156 856 Phorm.

36 896 135 954 1014:
172 915 253 968 ,esee
281 898 312 954 in
340 897 395 956 hae
423 918 455 954 re
486 899 601 974 eulpam
631 889 768 954 meritum
801 915 859 956 nou
893 895 1000 972 nego“.
1029 927 1072 938 -
1106 901 1156 958 24.

33 989 185 1056 Inmoene
207 997 344 1058 Placidus
368 1021 396 1077 p.
419 1002 456 1058 59
477 998 606 1074 Deuerl,
631 1001 682 1077 qui
705 999 846 1075 explieat:
876 1000 1069 1078 ,improbum,
1093 1003 1155 1060 oul-

34 1101 180 1176 pandum,
210 1102 257 1160 vel
285 1103 434 1161 interdum
456 1122 577 1160 munere
600 1097 790 1161 liberatum“.
846 1101 927 1160 Festi
952 1108 1050 1162 autem
1072 1104 1154 1182 Epit.

34 1225 64 1280 p.
90 1206 166 1263 109:
193 1205 357 1279 ,immunia
382 1225 489 1264 veoane
510 1224 645 1278 munere3
670 1205 845 1282 aliquotiens
867 1224 922 1282 pro
946 1207 1081 1285 improbo
1104 1227 1156 1286 po·

35 1309 118 1364 nitur
146 1312 180 1366 ut
206 1309 287 1385 apud
309 1307 464 1368 Plautum:
496 1309 624 1366 immune
653 1313 698 1368 eet
725 1303 868 1366 faeiuue“.
913 1309 1006 1368 Immo
1039 1312 1157 1384 ,ingra-

35 1407 130 1483 tum“,
148 1411 182 1470 of.
196 1411 288 1471 Mero.
306 1412 381 1470 104:
407 1410 574 1484 „Diooeiua
593 1412 779 1488 promeritis
798 1416 914 1484 gratum
932 1433 978 1470 me
996 1418 1026 1469 et
1039 1433 1157 1471 munem

36 1511 130 1572 fore“.
153 1514 230 1572 infra
255 1516 312 1574 351
338 1519 368 1572 et
392 1517 461 1573 355.
490 1543 532 1554 -
560 1510 594 1572 io
616 1512 724 1584 aelate,
752 1515 782 1572 in
805 1516 874 1586 vita,
899 1514 934 1572 ol.
959 1516 1030 1574 464.
1074 1516 1156 1577 Brit.

38 1617 152 1675 confert
188 1618 236 1689 ,in
271 1623 366 1675 aetate
394 1612 564 1676 hominum“
595 1617 670 1676 Rud.
703 1618 793 1676 1222.
848 1617 956 1695 Amph.
988 1620 1059 1678 628.
1084 1621 1155 1680 931.

38 1720 73 1778 of.
98 1721 137 1779 ad
159 1721 265 1798 Amph.
291 1723 380 1780 1016.
410 1751 452 1762 -
482 1723 531 1780 25.
560 1715 646 1778 Nam
675 1739 734 1777 non
757 1705 874 1778 oausam
903 1720 1002 1794 affert,
1034 1742 1086 1780 eur
1113 1724 1157 1780 in·

38 1829 155 1900 gratum
177 1826 217 1883 eit
240 1825 364 1882 amioum
388 1826 540 1901 oaetigure,
564 1823 616 1881 ead
639 1842 691 1881 our
712 1823 773 1880 haeo
796 1804 1039 1899 omuino'dioat,
1066 1847 1094 1884 v.
1120 1826 1158 1883 ad

38 1927 100 1986 Mil.
128 1929 218 1987 1289.
257 1927 376 1986 Trueul.
402 1929 451 1986 79.
497 1927 572 1985 Mire
595 1932 732 2004 errarunt
753 1925 904 1998 rhetores,
938 1929 990 2004 qui
1012 1929 1067 1986 hoe
1089 1927 1155 1987 Tri·

39 2032 148 2089 nummi
176 2031 294 2088 initium
321 2050 376 2108 pro
404 2030 539 2106 exemplo
567 2029 690 2088 infirma
713 2030 838 2088 rationis
860 2031 1039 2103 attulerunt,
1069 2031 1156 2090 Rhet.

41 2133 76 2190 ad
99 2133 228 2192 Herenn.
251 2132 288 2206 11,
313 2134 362 2206 23,
387 2134 435 2192 35.
481 2132 539 2192 cie.
562 2135 677 2192 Invent.
701 2134 724 2206 l,
749 2135 798 2204 50,
823 2135 873 2220 95.
893 2162 931 2174 -
953 2135 1004 2192 27.
1027 2129 1156 2208 inuitat,

41 2233 73 2294 ni
93 2231 217 2310 inuitat,
240 2236 418 2294 allitteratio
431 2237 575 2312 'quaeita
618 2233 680 2294 Neo
702 2237 843 2308 laceram,
865 2238 977 2314 inquit,
1000 2238 1058 2295 nini
1079 2239 1156 2296 invi·

41 2349 131 2413 teret,
166 2342 201 2399 of.
232 2339 301 2400 Sall.
331 2338 395 2415 lug.
428 2342 483 2414 31,
510 2341 541 2397 l:
579 2339 692 2412 ,Multa
721 2359 766 2397 me
795 2339 989 2398 dehortantur
1018 2360 1036 2399 a
1063 2342 1156 2418 vobio,

42 2445 180 2517 Quirites,
203 2445 235 2502 ni
257 2443 389 2502 studium
412 2443 616 2522 reipublicae
639 2445 738 2502 omnia
760 2437 910 2521 superat“.
931 2473 971 2483 -
994 2439 1099 2504 idme
1122 2449 1156 2506 A.

45 2577 78 2588 -
104 2549 154 2606 28.
177 2542 236 2620 hic,
259 2547 313 2604 hoo
335 2548 410 2618 loeo,
434 2550 468 2604 ut
491 2549 530 2606 32
553 2553 582 2604 et
606 2548 654 2607 34.
678 2576 719 2587 -
748 2547 798 2604 29.
823 2539 967 2624 plerique
989 2545 1092 2607 Lamb.
1117 2579 1159 2591 —

44 2652 89 2711 31.
118 2665 299 2710 mmoreuere
321 2650 355 2709 A.
384 2679 425 2690 -
456 2651 494 2708 32
523 2655 676 2725 suspectae
703 2650 823 2709 Loewio
845 2648 932 2708 Aual.
961 2668 990 2725 p.
1020 2652 1088 2710 196.
1119 2681 1159 2691 -—

45 2755 90 2812 34.
108 2750 305 2830 pauciorum,
328 2753 502 2830 potentium,
525 2755 577 2810 τῶν
594 2752 700 2830 ὀλίγων,
724 2757 759 2810 ut
776 2753 819 2810 ait
836 2751 901 2826 Br.;
923 2749 1069 2828 ,paucos“
1088 2751 1157 2813 Sall.

42 2855 103 2934 lug.
127 2859 176 2930 31,
201 2859 250 2918 20.
282 2885 319 2896 -
351 2858 400 2915 35.
425 2851 532 2930 prosit
553 2855 599 2914 ed.
623 2874 669 2932 pr.
721 2855 785 2913 Hoo
806 2874 909 2913 oeneus
932 2856 1074 2932 postulat,
1099 2875 1158 2915 non

47 2979 120 3036 ,quo
142 2955 290 3040 prosint“,
316 2959 395 3038 quod
419 2959 602 3018 commendat
623 2957 658 3017 R.
682 2958 803 3031 Parerg.
827 2978 857 3035 p.
882 2960 951 3030 350,
981 2965 1033 3017 aut
1061 2960 1159 3035 ,quod

44 3061 172 3140 pronao‘
199 3059 247 3142 (ut
270 3063 295 3122 A
319 3065 467 3139 ceterique
489 3056 604 3139 oodd.),·
625 3062 705 3139 quod
731 3062 832 3120 eedem
854 3062 917 3120 fere
939 3064 969 3120 vi
992 3061 1050 3122 diei
1071 3081 1158 3140 poaee

43 3172 186 3242 putarunt
212 3168 246 3226 R.
269 3167 352 3225 Neue
380 3166 450 3225 Exo.
480 3188 508 3245 p.
541 3167 593 3236 58,
633 3165 740 3240 Bergk.
769 3164 863 3224 Beitr.
892 3187 921 3243 p.
946 3168 999 3238 56,
1039 3166 1157 3224 Muller.

44 3267 161 3329 Nachtr.
184 3291 214 3348 p.
240 3272 288 3328 31.
320 3299 357 3310 -
389 3271 436 3328 36.
466 3261 658 3328 conducibile
679 3268 719 3342 A,
753 3269 789 3327 ef.
813 3267 902 3346 Epid.
927 3271 998 3330 257.
1023 3270 1093 3329 261.
1116 3299 1159 3310 -

43 3369 170 3448 yraliae,
193 3375 228 3432 of.
252 3372 289 3431 ad
312 3371 553 3431 11085340-
577 3373 635 3429 37.“
652 3368 882 3448 „odioeeeeque“
896 3371 931 3444 A,
956 3391 1044 3450 quam
1066 3373 1159 3450 aerip-

44 3481 136 3534 turam
165 3475 372 3535 eommendant
398 3473 433 3533 R.
457 3473 562 3550 Opuso.
586 3473 615 3531 11
636 3493 666 3550 p.
691 3475 750 3534 715
781 3479 811 3532 et
840 3473 912 3532 Brix
932 3473 962 3533 h.
985 3473 1005 3534 l.
1039 3503 1075 3516 -
1109 3475 1158 3536 38.

46 3569 277 3654 Βθιηοναιη,ὀί.
302 3577 393 3638 Poon.
417 3579 488 3637 927.
533 3575 644 3636 Loeum
668 3577 811 3636 attulerat
833 3577 914 3636 Fert.
936 3596 966 3653 p.
992 3578 1062 3636 277.

127 3685 175 3742 39.
210 3682 345 3741 Callicles
374 3701 409 3739 ex
438 3681 551 3740 aedibus
578 3699 674 3756 nuper
702 3681 810 3758 emptio
840 3682 909 3739 exit.
960 3678 995 3738 In
1025 3679 1159 3739 exeundo

47 3804 162 3846 uxorem
182 3785 267 3845 iubet
284 3783 392 3844 Larem
415 3803 555 3844 coronare
574 3789 604 3840 et
621 3784 737 3859 proceri
754 3788 789 3841 ut
806 3782 884 3840 bona
901 3785 998 3841 omnia
1015 3787 1046 3839 et
1062 3782 1160 3841 felicia

48 3887 97 3946 eibi
125 3909 161 3947 ex
188 3889 242 3948 hae
270 3906 346 3946 nova
375 3886 559 3946 habitatione
582 3889 725 3944 oriantur.
762 3914 799 3925 -
835 3887 885 3945 40.
918 3900 1085 3960 temerare,
1121 3886 1157 3946 ol.

48 3991 107 4049 Aul.
131 3994 158 4053 8.
178 4021 218 4032 -·
235 3992 286 4050 41.
311 3991 423 4051 euertat
443 3992 473 4050 in
496 3995 578 4050 exitu
602 4009 741 4050 versuum
762 3990 808 4047 vel
828 3995 930 4046 eontra
948 3989 1063 4049 codieea
1086 3990 1159 4048 seri·

48 4091 166 4155 bendum
185 4095 312 4166 videtur,
335 4115 362 4154 v.
387 4092 504 4168 Proleg.
528 4113 557 4170 p.
582 4095 653 4154 215.
689 4091 771 4150 Cure.
795 4095 843 4153 39.
878 4091 965 4172 Epid.
991 4093 1060 4152 291.
1088 4093 1158 4152 323.

49 4193 106 4256 Mil.
133 4199 222 4258 1005.
265 4197 342 4259 Rnd.
368 4199 438 4258 815.
490 4196 596 4256 Pseud.
623 4199 718 4271 1032,
748 4195 800 4256 ubi
829 4197 867 4257 B:
911 4191 1159 4270 „aduenat“.·-

50 4299 94 4374 la,
121 4279 189 4362 IIroo
212 4299 348 4360 Callicles
378 4301 467 4361 solito
496 4303 668 4359 maritorum
697 4321 796 4372 more,
832 4299 889 4358 vid.
913 4298 994 4358 Stob.
1017 4297 1158 4375 Florileg.
1198 4326 1203 4334 ·

51 4401 180 4477 LXVIII,
214 4424 268 4464 neo
292 4423 349 4484 pro
378 4408 459 4464 oerto
492 4403 714 4478 affirmaverim,
749 4423 814 4461 eum
844 4423 942 4462 eeoum
970 4401 1032 4462 haee
1060 4401 1158 4460 dioere
