2920 4998
41 1580 222 1674 Trinummi
248 1618 454 1690 argumentum
484 1615 540 1674 hoc
570 1621 623 1674 est.
668 1614 841 1675 Charmides
864 1636 955 1675 senex
977 1636 1068 1692 quum
1091 1635 1168 1674 mer-

41 1724 155 1776 caturae
187 1739 275 1777 causa
302 1737 425 1795 peregre
454 1721 526 1790 iret,
561 1739 607 1776 ree
638 1737 706 1777 suas
729 1717 843 1777 Callicli
865 1721 960 1778 amico
983 1718 1169 1778 commenda·

42 1800 159 1894 verats
180 1821 231 1879 sed
254 1820 434 1880 Lesbonicus
462 1821 540 1879 filius
568 1823 662 1880 amori
684 1827 715 1879 et
736 1821 862 1880 luxuries
885 1822 992 1879 cedens
1014 1842 1077 1880 rem
1099 1843 1171 1898 pno-

42 1922 173 1996 iuderat,
198 1925 363 2000 ceterisque
385 1923 551 2000 absumptis
579 1924 666 1981 etiam
696 1925 774 1981 aedes
803 1944 872 1983 suas
899 1925 1027 1982 vendere
1050 1931 1171 1984 coactus

44 2029 96 2084 est.
148 2025 209 2086 Ubi
240 2046 331 2102 quum
353 2025 487 2086 Callicles
514 2025 687 2084 thesaurum
715 2023 776 2084 filio
804 2028 897 2085 inscio
926 2028 1076 2086 defossum
1108 2048 1171 2098 esse

43 2129 189 2200 novisset,
214 2149 250 2187 ne
272 2132 298 2186 is
321 2147 440 2205 quoqne
462 2130 660 2200 emitteretur,
684 2128 762 2186 eadee
785 2134 866 2189 emit.
923 2129 988 2200 Qua
1018 2130 1054 2188 de
1076 2151 1172 2190 causa

45 2249 134 2306 quum
159 2234 249 2308 vulgo
267 2232 343 2290 male
361 2221 473 2303 audiat,
497 2233 581 2308 quasi
601 2230 776 2289 difficultate
794 2235 881 2291 amici
899 2234 936 2292 ad
952 2253 1037 2292 suum
1055 2235 1171 2294 lucrum

47 2333 154 2393 abusus
177 2341 268 2406 esset,
297 2333 529 2410 eMegaronide
551 2335 646 2391 altero
669 2336 763 2392 amico
787 2337 958 2412 castigatur,
991 2338 1043 2396 sed
1065 2358 1097 2396 re
1121 2357 1171 2396 ex·

44 2435 153 2510 plicata
176 2437 263 2494 facile
285 2457 316 2494 se
339 2438 480 2495 defendit.
536 2437 597 2496 Iam
626 2423 786 2511 Lysiteles,
823 2439 993 2498 adolescens
1017 2440 1109 2498 dives
1141 2447 1171 2497 et

48 2539 206 2612 modestus,
230 2539 320 2598 filiam
339 2541 469 2599 absentis
486 2541 565 2598 senis
582 2542 613 2598 in
632 2542 850 2599 matrimonium
867 2543 953 2618 petit.
998 2543 1167 2602 Indotetem

47 2641 94 2697 ille
127 2642 249 2720 quidem
283 2645 361 2715 vult,
396 2643 448 2702 sed
475 2643 568 2700 frater
597 2643 660 2701 sine
689 2642 758 2699 dote
786 2663 817 2700 se
848 2645 987 2702 daturum
1015 2650 1106 2717 negat
1136 2651 1168 2703 et
1265 2640 1268 2648 ’

49 2745 189 2819 praedium
220 2749 377 2820 rusticum,
413 2747 494 2823 quod
521 2746 577 2803 sibi
608 2766 698 2804 unum
727 2747 861 2804 relictum
897 2751 975 2819 erat,
1008 2767 1062 2824 pro
1097 2749 1166 2805 dote

47 2851 196 2919 promittit
219 2851 349 2925 Lysitele
378 2870 438 2908 uon
468 2851 640 2926 accipiente.
696 2848 740 2906 Ne
764 2847 899 2907 Callicles
930 2850 1048 2925 quidem
1077 2871 1166 2909 senex

49 2948 208 3010 indotatam
251 2955 361 3012 nubere
400 2955 527 3030 patitur,
568 2956 731 3030 praesertim
773 2971 863 3028 quum
902 2953 981 3010 domi
1016 2953 1164 3010 conditum

49 3049 163 3128 habeat,
187 3056 266 3114 unde
289 3056 342 3114 dos
366 3058 515 3114 numerari
536 3057 645 3132 possit,
668 3055 719 3113 sed
743 3056 778 3112 ds
798 3057 937 3112 thesauro
954 3057 1029 3115 nihil
1050 3059 1166 3134 aperire

50 3157 149 3233 audet,
178 3179 214 3216 ne
242 3179 308 3218 eum
335 3159 392 3216 sibi
417 3159 596 3217 Lesbonicus
624 3163 755 3232 repetat3
787 3159 905 3216 tandem
935 3158 1077 3216 suadente
1101 3159 1165 3217 Me·

49 3261 186 3328 garonide
209 3262 358 3320 hominem
382 3261 508 3337 aliquem
532 3280 704 3338 comparare
726 3263 844 3332 statuit,
873 3264 924 3338 qui
952 3282 1017 3320 cum
1041 3264 1165 3340 pecunia

51 3376 79 3414 se
106 3381 122 3418 a
149 3371 238 3441 petre
267 3364 392 3440 virginis
422 3366 541 3422 missum
574 3384 637 3421 esse
671 3365 797 3422 simulet.
854 3363 910 3434 Qui
946 3383 1035 3440 quum
1070 3366 1166 3423 tribus

50 3469 169 3524 nummis
192 3466 353 3524 conductus
376 3481 419 3506 ¹-
439 3466 518 3525 unde
541 3467 646 3525 fabulae
669 3486 776 3525 nomeu
799 3495 841 3507 -
863 3473 893 3524 et
921 3468 958 3524 ad
988 3488 1050 3526 eum
1078 3467 1165 3524 falla·

51 3563 119 3624 ciam
141 3572 304 3628 instructus
332 3570 371 3628 ad
399 3571 474 3628 eudes
498 3571 627 3641 accedit,
659 3571 775 3628 obviam
799 3568 833 3627 fit
856 3571 882 3627 ei
904 3569 1165 3644 ipse-Charmides

51 3664 78 3720 in
108 3674 234 3744 patriam
268 3673 370 3732 redux.
424 3673 529 3748 Itaque
557 3672 680 3730 ridicule
714 3671 842 3730 ludibrio
870 3671 988 3730 habitus
1022 3673 1163 3748 abigitur.

52 3763 140 3829 Senex
162 3779 259 3832 autem
282 3776 360 3833 aedes
382 3795 451 3834 suas
474 3775 511 3834 ab
534 3777 637 3849 amieo,
661 3777 708 3833 cui
730 3777 829 3833 omnia
847 3774 1023 3846 crediderat,
1048 3781 1164 3853 emptus
1200 3771 1202 3775 ’

54 3885 109 3928 esse
139 3878 331 3935 vehementer
359 3877 454 3950 dolet,
490 3877 582 3936 donec
610 3881 677 3935 tota
704 3898 736 3934 re
767 3878 920 3952 explorata
949 3878 1074 3936 eundem
1107 3877 1164 3935 sibi

52 3967 244 4039 fidelissimum
272 3981 361 4039 fuisse
388 3982 511 4038 invenit.
564 3980 627 4037 lam
655 3980 730 4038 nihil
758 3981 858 4038 obstat
886 3999 945 4056 quo
973 3983 1072 4038 minus
1102 3978 1165 4039 filis

55 4070 166 4148 Lysiteli
189 4083 291 4158 detur,
317 4103 350 4141 ac
372 4082 555 4142 Lesbonicus
572 4103 698 4161 quoque,
722 4089 756 4140 ut
780 4084 929 4141 meliorem
947 4082 1054 4141 dehinc
1071 4085 1163 4142 vitam

55 4174 174 4258 incipiat,
198 4205 320 4244 uxorem
344 4185 426 4244 ducit
448 4186 577 4244 Calliclis
601 4185 700 4244 filiam.

129 4285 172 4346 Ex
194 4288 374 4347 Philemonis
401 4287 566 4363 comoedia,
601 4291 648 4347 cui
677 4308 784 4348 nomen
810 4289 869 4346 fuit
899 4289 1056 4364 θησαυρός,
1088 4287 1163 4346 haue

54 4377 169 4448 fabulam
193 4391 311 4450 ductam
333 4411 410 4465 esse,
443 4391 585 4468 prologus
615 4390 703 4449 docet
732 4412 760 4450 v.
787 4394 824 4450 18
847 4411 891 4468 sq.
948 4391 1007 4449 Sed
1037 4388 1162 4448 verbum

144 4503 171 4554 V.
468 4579 475 4594 .
926 4504 960 4560 ³6
