2920 4998
573 461 693 516 Stichus.
1129 469 1190 529 517

50 659 176 718 editam
205 663 235 716 et
264 658 431 735 suppletam
463 657 500 716 ad
528 656 660 716 Stichum
693 658 843 733 pertinere
877 659 1024 731 ostendit,
1066 680 1187 737 eamque

51 763 195 820 fabulam
225 779 302 819 anno
331 761 391 818 200
423 780 448 818 a.
473 760 540 818 Chr.
564 781 593 818 n.
622 760 739 818 ductam
772 781 835 820 esse
865 762 1079 840 pronuntiavit.
1135 762 1203 821 Cui·

50 885 154 941 quum
189 863 358 940 Geppertus
391 855 500 938 (Ueber
530 863 586 921 den
614 862 714 921 (lodex
741 862 953 922 Ambrosianus
984 884 1013 940 p.
1041 866 1078 922 10
1107 857 1187 942 sqq.)

50 971 107 1026 lta
133 966 286 1026 oblocutus
309 970 397 1039 esset,
432 971 467 1023 ut
496 965 559 1042 ipse
582 965 760 1024 Ritschelius
783 965 820 1023 de
842 983 878 1024 ea
900 986 933 1024 re
956 966 1093 1025 dubitare
1116 968 1188 1026 inci·

49 1075 164 1147 peret,
198 1068 417 1128 Studemnndus
447 1042 563 1128 demum
597 1069 764 1127 accuratius
798 1069 972 1128 examinatis
1005 1069 1188 1146 palimpsesti

52 1172 242 1232 membranis
276 1172 483 1230 dissertatione
515 1170 551 1227 de
585 1177 658 1230 actu
692 1171 786 1229 Stichi
815 1171 957 1230 Plautinae
990 1177 1124 1249 tempore
1158 1173 1187 1230 in

50 1276 227 1335 Comment.
251 1275 280 1332 in
303 1274 446 1334 honorem
470 1274 524 1332 Th.
549 1273 725 1333 Mommseni
753 1273 818 1332 edd.
844 1295 903 1333 rem
929 1276 1077 1349 transegit
1100 1295 1132 1333 ec
1156 1297 1188 1334 re

51 1399 137 1436 vera
163 1377 257 1436 Stichi
285 1375 475 1435 didascaliam
507 1381 623 1435 exstare
652 1376 875 1435 demonstravit.
934 1377 1019 1435 Hunc
1048 1377 1187 1436 Gcetnius

54 1486 184 1540 secutus
207 1482 303 1537 estin
328 1481 373 1538 ed.
397 1479 599 1538 Bitscheliaua
622 1480 725 1538 altera.

151 1583 202 1642 Vv.
225 1586 250 1656 l,
276 1585 302 1656 5,
328 1584 397 1641 'lac
414 1582 540 1641 fortasse
561 1585 607 1656 10,
632 1583 787 1659 inquibus
811 1582 884 1641 nihil
907 1585 1025 1642 omnino
1049 1589 1185 1662 apparet,

53 1693 228 1748 atramento
250 1687 354 1763 scripti
377 1705 434 1744 non
457 1686 592 1757 fuerunt3
616 1687 707 1744 minio
728 1687 801 1763 picti
819 1685 910 1743 luisse
928 1686 1073 1758 videntur,
1099 1707 1183 1764 quem

53 1793 190 1851 colorem
225 1791 350 1868 spongia
382 1809 504 1865 prorsus
539 1788 657 1847 delevit.
714 1788 872 1865 Supplevit
900 1788 1091 1861 Ritsohelius,
1128 1791 1184 1848 nisi

54 1893 145 1971 quod
173 1915 199 1953 v.
230 1895 248 1952 7
279 1892 466 1966 „modulatus
497 1887 563 1948 est“.
592 1892 727 1968 scripsit,
761 1910 799 1948 ne
828 1891 958 1964 deesset,
993 1891 1070 1949 unde
1104 1898 1185 1950 recte

53 1999 205 2074 penderet
226 2017 253 2056 v.
278 1999 295 2055 9
326 1996 436 2067 lotum
470 2015 522 2053 nos
551 2013 616 2051 cunr
641 1993 824 2052 Willmanns.
850 2001 880 2051 et
902 1993 1024 2052 Goetzio
1053 1995 1084 2051 id
1106 2015 1182 2071 prae·

52 2102 194 2172 tulimus,
219 2099 296 2176 quod
320 2100 506 2159 Terentianae
529 2096 698 2156 didascalis
721 2103 890 2155 constanter
913 2098 1056 2173 praebent.

150 2205 178 2261 2.
222 2201 266 2260 Ex
290 2194 463 2260 Menandri
486 2195 641 2274 Adelphis
664 2199 871 2258 Terentianum
903 2201 1031 2258 fabulam
1055 2199 1184 2258 eiusdem

55 2307 188 2364 nominis
211 2323 326 2362 versam
350 2323 413 2361 esse
436 2303 509 2360 satis
532 2307 661 2374 constat3
686 2323 721 2360 ex
744 2303 845 2360 eadem
866 2303 997 2361 Stichum
1017 2302 1185 2361 Plautinum

56 2411 180 2468 ductum
210 2426 267 2464 non
296 2425 360 2463 esse
387 2411 528 2483 apparet3
562 2423 619 2461 non
649 2407 753 2463 mirum
782 2407 875 2479 igitur
909 2408 987 2464 viros
1017 2404 1120 2464 doctos
1150 2405 1185 2462 de

56 2513 236 2587 integritate
248 2511 404 2586 scripturae
416 2505 577 2566 dubitasse.
612 2508 781 2566 Hermanno
793 2509 911 2584 quidem
924 2509 1018 2566 altera
1031 2507 1186 2565 Menandri

58 2614 178 2686 sabula,
210 2605 473 2686 „Philadelphoe“,
502 2607 661 2684 significari
685 2611 857 2685 videbatur,
886 2631 1009 2687 eumque
1034 2616 1185 2669 auctorem

57 2721 180 2776 secutus
203 2713 380 2774 Ritschelius
408 2714 437 2769 in
462 2711 599 2788 Parergia
625 2732 654 2788 p.
680 2715 741 2771 274
764 2733 807 2790 sq.
832 2714 999 2790 fragmenta
1026 2733 1063 2770 ex
1086 2712 1183 2770 Phile-

57 2819 179 2896 delphis
201 2823 321 2875 servata
344 2837 362 2876 a
383 2813 484 2873 Sticho
507 2836 564 2873 non
588 2813 748 2874 abhorrere
772 2816 928 2874 ostendere
950 2821 1083 2874 conatur.
1128 2815 1185 2874 Sed

59 2929 91 2979 et
116 2921 170 2979 hoc
191 2940 295 2998 purum
318 2920 344 2975 ei
367 2919 523 2990 successit,
555 2937 607 2976 nec
635 2938 741 2977 nomeu
764 2918 897 2977 Graecnm
921 2939 994 2976 cum.
1009 2924 1185 2992 argumento

60 3025 201 3082 Plautino
224 3023 373 3092 convenit,
403 3021 455 3078 ubi
484 3041 541 3079 non
565 3021 601 3079 de
624 3023 756 3079 fraterno
779 3022 830 3078 sed
854 3021 891 3078 de
914 3021 1061 3097 coniugali
1085 3039 1185 3078 amore

60 3129 171 3204 agitur.
227 3127 318 3184 Immo
352 3125 416 3182 iure
444 3123 606 3182 Schoellius
634 3123 711 3183 Anu.
741 3124 844 3200 philol.
869 3124 963 3182 CXIX
991 3144 1020 3201 p.
1050 3125 1090 3181 44
1121 3143 1184 3200 sqq.

59 3231 242 3307 scripturum
277 3228 387 3286 codicis
421 3231 536 3298 tuetur,
571 3230 597 3285 si
630 3227 748 3302 quidem
777 3227 942 3286 Menander
974 3226 1048 3285 duas
1082 3226 1185 3284 eodem

58 3334 179 3392 nomine
201 3330 317 3389 fabulas
339 3332 471 3405 scripsit,
503 3337 544 3429 ut·
563 3335 689 3406 apparet
711 3350 747 3387 ex
769 3330 859 3388 schol.
884 3330 921 3387 nd
946 3328 1078 3388 Platonis
1101 3327 1184 3385 Phae·

60 3437 149 3494 drum
173 3441 266 3494 extu:
298 3434 372 3490 κοινὰ
390 3433 422 3488 τὰ
439 3433 490 3487 τῶν
507 3432 815 3508 φι’λων...Μι’νανὸρος
833 3438 860 3488 ἐν
878 3433 1012 3504 Ἀδελφοῖς
1023 3432 1055 3506 β.
1090 3429 1187 3488 Verba

58 3537 185 3597 laudata
212 3537 351 3611 leguntur
385 3535 464 3612 npud
497 3534 667 3592 Terentium
699 3534 754 3592 Ad.
787 3536 862 3592 804:
900 3533 1091 3608 „Communia
1124 3550 1187 3591 essa

61 3641 223 3700 amicornm
252 3642 330 3697 inter
359 3659 389 3697 se
423 3631 551 3694 omnia“.
613 3636 642 3692 Is
676 3637 769 3709 igitur
801 3639 1000 3714 posteriorem
1030 3634 1187 3693 Menandri

47 3743 195 3810 ¹fabulum
227 3743 442 3818 interpretetus
475 3745 533 3811 est,
568 3739 691 3797 Plautus
720 3741 750 3796 in
778 3737 877 3796 Sticho
910 3741 1038 3815 priorem
1069 3740 1187 3796 secutus

60 3845 191 3906 videtur.
236 3844 283 3902 Ad
306 3842 427 3902 eundem
450 3844 580 3920 pertinet
602 3841 637 3898 ir.
663 3861 698 3898 ex
721 3840 802 3898 Stob.
828 3841 932 3899 Floril.
958 3839 1032 3912 LVI,
1057 3841 1089 3898 3:

259 3950 338 4020 Χαῖρ’,
362 3937 383 4002 ὦ
402 3948 466 4018 φίλη
488 3946 530 4021 γῆ,
554 3944 598 4000 διὰ
620 3945 721 4020 χρόνον
744 3945 848 4000 πολλοῦ
871 3943 895 4000 σ’
920 3943 983 4000 ἰδών

259 4049 518 4124 ἀσπάζομαι-τουτὶ
539 4049 593 4124 γὰρ
616 4047 648 4104 οὗ
670 4049 763 4104 πᾶσαν
787 4049 857 4104 ποιῶ

258 4153 304 4222 τὴν
325 4155 384 4229 γῆν,
409 4152 472 4208 ὅταν
495 4152 523 4208 δὲ
545 4151 644 4224 τούμὸν
667 4150 747 4206 leton
770 4154 877 4226 χωρίον

259 4256 289 4312 τὸ
311 4255 365 4330 γὰρ
388 4257 485 4329 τρέφον
507 4276 549 4328 με,
570 4254 640 4311 roic'
665 4254 718 4329 tyb
738 4255 819 4329 κρίνω
842 4254 919 4320 θεόν,

63 4377 129 4435 quse
152 4357 334 4428 Meinekius‚
364 4359 435 4433 quia
458 4377 475 4413 a
498 4356 520 4412 Τ
525 4357 631 4413 ereutii
654 4355 797 4433 Adelphis
820 4355 916 4412 aliena
938 4359 1049 4426 essent,
1074 4354 1187 4410 Iustino
