<?xml version="1.0" encoding="UTF-8"?>
<!DOCTYPE html PUBLIC "-//W3C//DTD XHTML 1.0 Transitional//EN"
    "http://www.w3.org/TR/xhtml1/DTD/xhtml1-transitional.dtd">
<html xmlns="http://www.w3.org/1999/xhtml" xml:lang="en" lang="en">
 <head>
  <title>
</title>
<meta http-equiv="Content-Type" content="text/html;charset=utf-8" />
  <meta name='ocr-system' content='tesseract 3.04.00' />
  <meta name='ocr-capabilities' content='ocr_page ocr_carea ocr_par ocr_line ocrx_word'/>
</head>
<body>
  <div class='ocr_page' id='page_1' title='image "./tmacciiplautico04ussigoog_0374.png"; bbox 0 0 2864 5000; ppageno 0'>
   <div class='ocr_carea' id='block_1_1' title="bbox 53 492 717 561">
    <p class='ocr_par' dir='ltr' id='par_1_1' title="bbox 53 492 717 561">
     <span class='ocr_line' id='line_1_1' title="bbox 53 492 717 561; baseline 0.005 -15"><span class='ocrx_word' id='word_1_1' title='bbox 53 495 89 561; x_wconf 86' lang='lat'>11,</span> <span class='ocrx_word' id='word_1_2' title='bbox 107 497 132 558; x_wconf 61' lang='grc' dir='ltr'>4ἳ</span> <span class='ocrx_word' id='word_1_3' title='bbox 151 495 253 549; x_wconf 78' lang='grc'><strong>87-37</strong></span> <span class='ocrx_word' id='word_1_4' title='bbox 522 492 717 551; x_wconf 78' lang='lat' dir='ltr'>Truculentus.</span> 
     </span>
    </p>
   </div>
   <div class='ocr_carea' id='block_1_2' title="bbox 50 683 732 858">
    <p class='ocr_par' dir='ltr' id='par_1_2' title="bbox 50 683 732 858">
     <span class='ocr_line' id='line_1_2' title="bbox 487 683 732 750; baseline 0.016 -3"><span class='ocrx_word' id='word_1_5' title='bbox 487 683 732 750; x_wconf 82' lang='lat' dir='ltr'>Diniarehus</span> 
     </span>
     <span class='ocr_line' id='line_1_3' title="bbox 50 792 314 858; baseline 0 -2"><span class='ocrx_word' id='word_1_6' title='bbox 50 793 117 858; x_wconf 85' lang='lat' dir='ltr'>lam</span> <span class='ocrx_word' id='word_1_7' title='bbox 140 793 233 858; x_wconf 78' lang='lat' dir='ltr'>lauta</span> <span class='ocrx_word' id='word_1_8' title='bbox 256 792 314 858; x_wconf 83' lang='lat' dir='ltr'>es?</span> 
     </span>
    </p>
   </div>
   <div class='ocr_carea' id='block_1_3' title="bbox 474 915 739 982">
    <p class='ocr_par' dir='ltr' id='par_1_3' title="bbox 474 915 739 982">
     <span class='ocr_line' id='line_1_4' title="bbox 474 915 739 982; baseline 0.011 -2"><span class='ocrx_word' id='word_1_9' title='bbox 474 915 739 982; x_wconf 86' lang='lat' dir='ltr'>Phronesium</span> 
     </span>
    </p>
   </div>
   <div class='ocr_carea' id='block_1_4' title="bbox 49 1024 1174 1200">
    <p class='ocr_par' dir='ltr' id='par_1_4' title="bbox 49 1024 1174 1200">
     <span class='ocr_line' id='line_1_5' title="bbox 360 1024 1174 1110; baseline 0.007 -21"><span class='ocrx_word' id='word_1_10' title='bbox 360 1024 466 1090; x_wconf 84' lang='lat' dir='ltr'>Lauta</span> <span class='ocrx_word' id='word_1_11' title='bbox 488 1025 569 1090; x_wconf 90' lang='lat' dir='ltr'>mihi</span> <span class='ocrx_word' id='word_1_12' title='bbox 592 1025 724 1109; x_wconf 84' lang='lat' dir='ltr'>quidem</span> <span class='ocrx_word' id='word_1_13' title='bbox 747 1033 847 1110; x_wconf 85' lang='lat' dir='ltr'>atque</span> <span class='ocrx_word' id='word_1_14' title='bbox 870 1028 975 1094; x_wconf 86' lang='lat' dir='ltr'>oeulis</span> <span class='ocrx_word' id='word_1_15' title='bbox 999 1030 1088 1095; x_wconf 91' lang='lat' dir='ltr'>meis.</span> <span class='ocrx_word' id='word_1_16' title='bbox 1123 1049 1174 1103; x_wconf 75' lang='lat'>875</span> 
     </span>
     <span class='ocr_line' id='line_1_6' title="bbox 49 1132 533 1200; baseline 0.002 -4"><span class='ocrx_word' id='word_1_17' title='bbox 49 1134 132 1199; x_wconf 92' lang='lat' dir='ltr'>Num</span> <span class='ocrx_word' id='word_1_18' title='bbox 156 1134 219 1200; x_wconf 81' lang='lat' dir='ltr'>tibi</span> <span class='ocrx_word' id='word_1_19' title='bbox 241 1132 372 1198; x_wconf 86' lang='lat' dir='ltr'>sordere</span> <span class='ocrx_word' id='word_1_20' title='bbox 396 1132 533 1198; x_wconf 83' lang='lat' dir='ltr'>uideor?</span> 
     </span>
    </p>
   </div>
   <div class='ocr_carea' id='block_1_5' title="bbox 50 1265 1173 1894">
    <p class='ocr_par' dir='ltr' id='par_1_5' title="bbox 50 1265 1173 1894">
     <span class='ocr_line' id='line_1_7' title="bbox 485 1265 731 1331; baseline 0.012 -3"><span class='ocrx_word' id='word_1_21' title='bbox 485 1265 731 1331; x_wconf 86' lang='lat' dir='ltr'>Diniarchus</span> 
     </span>
     <span class='ocr_line' id='line_1_8' title="bbox 564 1373 984 1458; baseline 0.005 -20"><span class='ocrx_word' id='word_1_22' title='bbox 564 1373 638 1438; x_wconf 89' lang='lat' dir='ltr'>Nou</span> <span class='ocrx_word' id='word_1_23' title='bbox 661 1375 716 1458; x_wconf 89' lang='lat' dir='ltr'>pol</span> <span class='ocrx_word' id='word_1_24' title='bbox 738 1375 819 1440; x_wconf 89' lang='lat' dir='ltr'>mihi</span> <span class='ocrx_word' id='word_1_25' title='bbox 842 1375 984 1458; x_wconf 89' lang='lat' dir='ltr'>quidem.</span> 
     </span>
     <span class='ocr_line' id='line_1_9' title="bbox 50 1482 1030 1569; baseline 0.004 -23"><span class='ocrx_word' id='word_1_26' title='bbox 50 1482 167 1547; x_wconf 86' lang='lat' dir='ltr'><strong>Uerum</strong></span> <span class='ocrx_word' id='word_1_27' title='bbox 193 1488 437 1566; x_wconf 80' lang='lat' dir='ltr'>tempestas-</span> <span class='ocrx_word' id='word_1_28' title='bbox 461 1483 683 1548; x_wconf 70' lang='lat' dir='ltr'><strong>meministin?</strong></span> <span class='ocrx_word' id='word_1_29' title='bbox 705 1519 746 1528; x_wconf 93' lang='lat'><strong>—</strong></span> <span class='ocrx_word' id='word_1_30' title='bbox 770 1483 937 1569; x_wconf 86' lang='lat' dir='ltr'>quendem</span> <span class='ocrx_word' id='word_1_31' title='bbox 958 1484 1030 1564; x_wconf 79' lang='lat' dir='ltr'>fuit,</span> 
     </span>
     <span class='ocr_line' id='line_1_10' title="bbox 51 1589 928 1676; baseline 0.001 -21"><span class='ocrx_word' id='word_1_32' title='bbox 51 1589 152 1668; x_wconf 85' lang='lat' dir='ltr'>Quom</span> <span class='ocrx_word' id='word_1_33' title='bbox 176 1591 262 1656; x_wconf 81' lang='lat' dir='ltr'>inter</span> <span class='ocrx_word' id='word_1_34' title='bbox 283 1611 344 1656; x_wconf 90' lang='lat' dir='ltr'>nos</span> <span class='ocrx_word' id='word_1_35' title='bbox 366 1590 582 1657; x_wconf 81' lang='lat' dir='ltr'><strong>sordebamus</strong></span> <span class='ocrx_word' id='word_1_36' title='bbox 604 1590 689 1658; x_wconf 84' lang='lat' dir='ltr'>alter</span> <span class='ocrx_word' id='word_1_37' title='bbox 712 1613 791 1676; x_wconf 88' lang='lat' dir='ltr'>prae</span> <span class='ocrx_word' id='word_1_38' title='bbox 813 1593 928 1659; x_wconf 78' lang='lat' dir='ltr'>altero.</span> 
     </span>
     <span class='ocr_line' id='line_1_11' title="bbox 51 1697 923 1783; baseline 0.002 -19"><span class='ocrx_word' id='word_1_39' title='bbox 51 1697 110 1764; x_wconf 91' lang='lat' dir='ltr'>Sed</span> <span class='ocrx_word' id='word_1_40' title='bbox 135 1698 225 1783; x_wconf 91' lang='lat' dir='ltr'>quod</span> <span class='ocrx_word' id='word_1_41' title='bbox 248 1720 308 1782; x_wconf 87' lang='lat' dir='ltr'>ego</span> <span class='ocrx_word' id='word_1_42' title='bbox 331 1699 460 1765; x_wconf 86' lang='lat' dir='ltr'>facinus</span> <span class='ocrx_word' id='word_1_43' title='bbox 483 1699 597 1764; x_wconf 90' lang='lat' dir='ltr'>audiui</span> <span class='ocrx_word' id='word_1_44' title='bbox 621 1700 800 1774; x_wconf 85' lang='lat' dir='ltr'>adueniens</span> <span class='ocrx_word' id='word_1_45' title='bbox 823 1707 923 1782; x_wconf 82' lang='lat' dir='ltr'>tuum,</span> 
     </span>
     <span class='ocr_line' id='line_1_12' title="bbox 52 1805 1173 1894; baseline 0.007 -22"><span class='ocrx_word' id='word_1_46' title='bbox 52 1805 143 1883; x_wconf 84' lang='lat' dir='ltr'>Quod</span> <span class='ocrx_word' id='word_1_47' title='bbox 168 1813 205 1873; x_wconf 84' lang='lat' dir='ltr'>tu</span> <span class='ocrx_word' id='word_1_48' title='bbox 228 1808 282 1873; x_wconf 89' lang='lat' dir='ltr'>hie</span> <span class='ocrx_word' id='word_1_49' title='bbox 306 1829 356 1873; x_wconf 88' lang='lat' dir='ltr'>me</span> <span class='ocrx_word' id='word_1_50' title='bbox 380 1806 516 1874; x_wconf 80' lang='lat' dir='ltr'>absente</span> <span class='ocrx_word' id='word_1_51' title='bbox 538 1810 616 1874; x_wconf 90' lang='lat' dir='ltr'>noni</span> <span class='ocrx_word' id='word_1_52' title='bbox 638 1811 751 1891; x_wconf 83' lang='lat' dir='ltr'>negoti</span> <span class='ocrx_word' id='word_1_53' title='bbox 773 1812 940 1894; x_wconf 83' lang='lat' dir='ltr'>gesseris?</span> <span class='ocrx_word' id='word_1_54' title='bbox 1122 1829 1173 1880; x_wconf 78' lang='lat'>380</span> 
     </span>
    </p>
   </div>
   <div class='ocr_carea' id='block_1_6' title="bbox 52 1951 1065 2470">
    <p class='ocr_par' dir='ltr' id='par_1_6' title="bbox 52 1951 1065 2470">
     <span class='ocr_line' id='line_1_13' title="bbox 473 1951 742 2017; baseline 0.004 -1"><span class='ocrx_word' id='word_1_55' title='bbox 473 1951 742 2017; x_wconf 86' lang='lat' dir='ltr'>Phronesium</span> 
     </span>
     <span class='ocr_line' id='line_1_14' title="bbox 52 2057 287 2136; baseline 0.009 -14"><span class='ocrx_word' id='word_1_56' title='bbox 52 2057 135 2136; x_wconf 84' lang='lat' dir='ltr'>Quid</span> <span class='ocrx_word' id='word_1_57' title='bbox 157 2058 190 2124; x_wconf 90' lang='lat' dir='ltr'>id</span> <span class='ocrx_word' id='word_1_58' title='bbox 215 2060 287 2126; x_wconf 77' lang='lat' dir='ltr'>esi?</span> 
     </span>
     <span class='ocr_line' id='line_1_15' title="bbox 319 2169 732 2256; baseline 0.002 -24"><span class='ocrx_word' id='word_1_59' title='bbox 319 2245 325 2256; x_wconf 30' lang='lat'>⁸</span> <span class='ocrx_word' id='word_1_60' title='bbox 485 2169 732 2234; x_wconf 89' lang='lat' dir='ltr'>Diniarehus</span> 
     </span>
     <span class='ocr_line' id='line_1_16' title="bbox 316 2275 1065 2360; baseline 0.003 -20"><span class='ocrx_word' id='word_1_61' title='bbox 316 2275 459 2340; x_wconf 88' lang='lat' dir='ltr'>Primum</span> <span class='ocrx_word' id='word_1_62' title='bbox 483 2277 569 2356; x_wconf 90' lang='lat' dir='ltr'>dum,</span> <span class='ocrx_word' id='word_1_63' title='bbox 593 2298 690 2360; x_wconf 91' lang='lat' dir='ltr'>quom</span> <span class='ocrx_word' id='word_1_64' title='bbox 714 2288 750 2343; x_wconf 85' lang='lat' dir='ltr'>tu</span> <span class='ocrx_word' id='word_1_65' title='bbox 773 2300 808 2344; x_wconf 86' lang='lat' dir='ltr'>es</span> <span class='ocrx_word' id='word_1_66' title='bbox 832 2285 929 2344; x_wconf 80' lang='lat' dir='ltr'>aucta</span> <span class='ocrx_word' id='word_1_67' title='bbox 952 2277 1065 2344; x_wconf 88' lang='lat' dir='ltr'>liberis</span> 
     </span>
     <span class='ocr_line' id='line_1_17' title="bbox 54 2382 836 2470; baseline 0.004 -22"><span class='ocrx_word' id='word_1_68' title='bbox 54 2382 218 2469; x_wconf 87' lang='lat' dir='ltr'>Quumque</span> <span class='ocrx_word' id='word_1_69' title='bbox 242 2384 324 2450; x_wconf 86' lang='lat' dir='ltr'>bene</span> <span class='ocrx_word' id='word_1_70' title='bbox 348 2386 530 2468; x_wconf 82' lang='lat' dir='ltr'>prouenisti</span> <span class='ocrx_word' id='word_1_71' title='bbox 553 2386 656 2465; x_wconf 88' lang='lat' dir='ltr'>salua,</span> <span class='ocrx_word' id='word_1_72' title='bbox 679 2387 836 2470; x_wconf 80' lang='lat' dir='ltr'>gratulor.</span> 
     </span>
    </p>
   </div>
   <div class='ocr_carea' id='block_1_7' title="bbox 51 2528 1171 3156">
    <p class='ocr_par' dir='ltr' id='par_1_7' title="bbox 51 2528 1171 3156">
     <span class='ocr_line' id='line_1_18' title="bbox 475 2528 740 2620; baseline 0.004 -28"><span class='ocrx_word' id='word_1_73' title='bbox 475 2528 740 2620; x_wconf 81' lang='lat' dir='ltr'>Phronesium</span> 
     </span>
     <span class='ocr_line' id='line_1_19' title="bbox 53 2631 940 2722; baseline 0.007 -25"><span class='ocrx_word' id='word_1_74' title='bbox 53 2631 228 2700; x_wconf 76' lang='lat' dir='ltr'>Concedite</span> <span class='ocrx_word' id='word_1_75' title='bbox 251 2636 327 2701; x_wconf 88' lang='lat' dir='ltr'>hinc</span> <span class='ocrx_word' id='word_1_76' title='bbox 351 2657 409 2701; x_wconf 90' lang='lat' dir='ltr'>uos</span> <span class='ocrx_word' id='word_1_77' title='bbox 431 2639 519 2702; x_wconf 82' lang='lat' dir='ltr'>iutro</span> <span class='ocrx_word' id='word_1_78' title='bbox 542 2645 642 2720; x_wconf 80' lang='lat' dir='ltr'>atque</span> <span class='ocrx_word' id='word_1_79' title='bbox 665 2640 789 2722; x_wconf 83' lang='lat' dir='ltr'>operite</span> <span class='ocrx_word' id='word_1_80' title='bbox 812 2639 940 2704; x_wconf 82' lang='lat' dir='ltr'>ostium.</span> 
     </span>
     <span class='ocr_line' id='line_1_20' title="bbox 53 2741 833 2829; baseline 0.004 -22"><span class='ocrx_word' id='word_1_81' title='bbox 53 2741 96 2808; x_wconf 91' lang='lat' dir='ltr'>Tu</span> <span class='ocrx_word' id='word_1_82' title='bbox 119 2765 205 2808; x_wconf 87' lang='lat' dir='ltr'>nune</span> <span class='ocrx_word' id='word_1_83' title='bbox 228 2751 395 2829; x_wconf 75' lang='lat' dir='ltr'>superstes</span> <span class='ocrx_word' id='word_1_84' title='bbox 419 2744 509 2811; x_wconf 88' lang='lat' dir='ltr'>solus</span> <span class='ocrx_word' id='word_1_85' title='bbox 532 2746 673 2811; x_wconf 83' lang='lat' dir='ltr'>sermoni</span> <span class='ocrx_word' id='word_1_86' title='bbox 695 2767 767 2812; x_wconf 87' lang='lat' dir='ltr'>meo</span> <span class='ocrx_word' id='word_1_87' title='bbox 791 2767 833 2810; x_wconf 90' lang='lat' dir='ltr'>es.</span> 
     </span>
     <span class='ocr_line' id='line_1_21' title="bbox 51 2849 1171 2938; baseline 0.007 -24"><span class='ocrx_word' id='word_1_88' title='bbox 51 2849 124 2917; x_wconf 91' lang='lat' dir='ltr'>Tibi</span> <span class='ocrx_word' id='word_1_89' title='bbox 147 2873 218 2918; x_wconf 85' lang='lat' dir='ltr'>mea</span> <span class='ocrx_word' id='word_1_90' title='bbox 241 2853 381 2920; x_wconf 78' lang='lat' dir='ltr'>consilia</span> <span class='ocrx_word' id='word_1_91' title='bbox 403 2874 533 2938; x_wconf 86' lang='lat' dir='ltr'>semper</span> <span class='ocrx_word' id='word_1_92' title='bbox 555 2875 681 2919; x_wconf 87' lang='lat' dir='ltr'>summa</span> <span class='ocrx_word' id='word_1_93' title='bbox 703 2854 838 2920; x_wconf 85' lang='lat' dir='ltr'>credidi.</span> <span class='ocrx_word' id='word_1_94' title='bbox 1120 2870 1171 2922; x_wconf 83' lang='lat'>385</span> 
     </span>
     <span class='ocr_line' id='line_1_22' title="bbox 51 2959 1037 3049; baseline 0.004 -27"><span class='ocrx_word' id='word_1_95' title='bbox 51 2959 211 3043; x_wconf 82' lang='lat' dir='ltr'>Equidem</span> <span class='ocrx_word' id='word_1_96' title='bbox 234 2982 341 3045; x_wconf 91' lang='lat' dir='ltr'>neque</span> <span class='ocrx_word' id='word_1_97' title='bbox 364 2962 477 3046; x_wconf 82' lang='lat' dir='ltr'>peperi</span> <span class='ocrx_word' id='word_1_98' title='bbox 501 2983 638 3045; x_wconf 89' lang='lat' dir='ltr'>puerum</span> <span class='ocrx_word' id='word_1_99' title='bbox 661 2984 767 3049; x_wconf 91' lang='lat' dir='ltr'>neque</span> <span class='ocrx_word' id='word_1_100' title='bbox 792 2982 954 3047; x_wconf 74' lang='lat' dir='ltr'>praegnas</span> <span class='ocrx_word' id='word_1_101' title='bbox 976 2962 1037 3041; x_wconf 46' lang='lat' dir='ltr'>suis</span> 
     </span>
     <span class='ocr_line' id='line_1_23' title="bbox 53 3066 1041 3156; baseline 0.004 -25"><span class='ocrx_word' id='word_1_102' title='bbox 53 3066 169 3135; x_wconf 86' lang='lat' dir='ltr'>Uerum</span> <span class='ocrx_word' id='word_1_103' title='bbox 191 3069 409 3136; x_wconf 88' lang='lat' dir='ltr'>adsimulasse</span> <span class='ocrx_word' id='word_1_104' title='bbox 432 3092 483 3137; x_wconf 92' lang='lat' dir='ltr'>me</span> <span class='ocrx_word' id='word_1_105' title='bbox 506 3092 579 3137; x_wconf 88' lang='lat' dir='ltr'>esse</span> <span class='ocrx_word' id='word_1_106' title='bbox 601 3079 814 3156; x_wconf 75' lang='lat' dir='ltr'>praegnatem</span> <span class='ocrx_word' id='word_1_107' title='bbox 838 3071 926 3136; x_wconf 86' lang='lat' dir='ltr'>haud</span> <span class='ocrx_word' id='word_1_108' title='bbox 948 3090 1041 3154; x_wconf 84' lang='lat' dir='ltr'>nego.</span> 
     </span>
    </p>
   </div>
   <div class='ocr_carea' id='block_1_8' title="bbox 54 3215 726 3404">
    <p class='ocr_par' dir='ltr' id='par_1_8' title="bbox 54 3215 726 3404">
     <span class='ocr_line' id='line_1_24' title="bbox 479 3215 726 3280; baseline 0.012 -3"><span class='ocrx_word' id='word_1_109' title='bbox 479 3215 726 3280; x_wconf 85' lang='lat' dir='ltr'>Diniarehus</span> 
     </span>
     <span class='ocr_line' id='line_1_25' title="bbox 54 3317 558 3404; baseline 0.008 -21"><span class='ocrx_word' id='word_1_110' title='bbox 54 3317 150 3396; x_wconf 85' lang='lat' dir='ltr'>Quem</span> <span class='ocrx_word' id='word_1_111' title='bbox 173 3327 317 3404; x_wconf 83' lang='lat' dir='ltr'>propter,</span> <span class='ocrx_word' id='word_1_112' title='bbox 343 3342 362 3386; x_wconf 93' lang='grc' dir='ltr'><strong>ο</strong></span> <span class='ocrx_word' id='word_1_113' title='bbox 385 3343 458 3389; x_wconf 90' lang='lat' dir='ltr'>mea</span> <span class='ocrx_word' id='word_1_114' title='bbox 479 3324 558 3388; x_wconf 76' lang='lat' dir='ltr'>uita.</span> 
     </span>
    </p>
   </div>
   <div class='ocr_carea' id='block_1_9' title="bbox 471 3463 900 3659">
    <p class='ocr_par' dir='ltr' id='par_1_9' title="bbox 471 3463 900 3659">
     <span class='ocr_line' id='line_1_26' title="bbox 471 3463 743 3532; baseline 0.007 -3"><span class='ocrx_word' id='word_1_115' title='bbox 471 3463 743 3532; x_wconf 89' lang='lat' dir='ltr'>Phronesium</span> 
     </span>
     <span class='ocr_line' id='line_1_27' title="bbox 601 3574 900 3659; baseline 0 -20"><span class='ocrx_word' id='word_1_116' title='bbox 601 3575 740 3659; x_wconf 74' lang='lat' dir='ltr'>Propter</span> <span class='ocrx_word' id='word_1_117' title='bbox 762 3574 900 3641; x_wconf 78' lang='lat' dir='ltr'>militem</span> 
     </span>
    </p>
   </div>
   <div class='ocr_carea' id='block_1_10' title="bbox 53 3778 1174 4448">
    <p class='ocr_par' dir='ltr' id='par_1_10' title="bbox 53 3778 1174 4448">
     <span class='ocr_line' id='line_1_28' title="bbox 129 3778 1165 3848; baseline -0.001 -14"><span class='ocrx_word' id='word_1_118' title='bbox 129 3783 181 3835; x_wconf 80' lang='grc'>375</span> <span class='ocrx_word' id='word_1_119' title='bbox 200 3779 257 3833; x_wconf 86' lang='lat' dir='ltr'>Iam</span> <span class='ocrx_word' id='word_1_120' title='bbox 275 3778 406 3833; x_wconf 82' lang='lat' dir='ltr'>ianiaisse</span> <span class='ocrx_word' id='word_1_121' title='bbox 425 3779 480 3832; x_wconf 87' lang='lat' dir='ltr'>iam</span> <span class='ocrx_word' id='word_1_122' title='bbox 498 3778 546 3848; x_wconf 86' lang='lat' dir='ltr'>pol</span> <span class='ocrx_word' id='word_1_123' title='bbox 565 3778 634 3832; x_wconf 88' lang='lat' dir='ltr'>mihi</span> <span class='ocrx_word' id='word_1_124' title='bbox 651 3778 703 3834; x_wconf 81' lang='grc' dir='ltr'>ΒΟ</span> <span class='ocrx_word' id='word_1_125' title='bbox 758 3779 809 3834; x_wconf 85' lang='grc'>376</span> <span class='ocrx_word' id='word_1_126' title='bbox 826 3779 943 3833; x_wconf 86' lang='lat' dir='ltr'>sorbere</span> <span class='ocrx_word' id='word_1_127' title='bbox 960 3779 987 3832; x_wconf 80' lang='lat' dir='ltr'><strong><em>A</em></strong></span> <span class='ocrx_word' id='word_1_128' title='bbox 1040 3779 1090 3832; x_wconf 90' lang='grc'>377</span> <span class='ocrx_word' id='word_1_129' title='bbox 1109 3795 1165 3833; x_wconf 92' lang='lat' dir='ltr'>me·</span> 
     </span>
     <span class='ocr_line' id='line_1_29' title="bbox 53 3859 1103 3936; baseline -0.002 -21"><span class='ocrx_word' id='word_1_130' title='bbox 53 3863 113 3920; x_wconf 87' lang='lat' dir='ltr'>mini</span> <span class='ocrx_word' id='word_1_131' title='bbox 131 3865 274 3936; x_wconf 81' lang='lat' dir='ltr'>quondam</span> <span class='ocrx_word' id='word_1_132' title='bbox 293 3862 351 3931; x_wconf 83' lang='lat' dir='ltr'>BG,</span> <span class='ocrx_word' id='word_1_133' title='bbox 370 3862 511 3933; x_wconf 86' lang='lat' dir='ltr'>quendam</span> <span class='ocrx_word' id='word_1_134' title='bbox 531 3863 597 3916; x_wconf 91' lang='lat' dir='ltr'>dum</span> <span class='ocrx_word' id='word_1_135' title='bbox 616 3864 672 3918; x_wconf 88' lang='lat' dir='ltr'>uixi</span> <span class='ocrx_word' id='word_1_136' title='bbox 691 3864 717 3917; x_wconf 87' lang='grc' dir='ltr'><strong><em>Α</em></strong></span> <span class='ocrx_word' id='word_1_137' title='bbox 787 3866 838 3918; x_wconf 87' lang='grc'>378</span> <span class='ocrx_word' id='word_1_138' title='bbox 856 3864 1034 3919; x_wconf 68' lang='lat' dir='ltr'>conderemus</span> <span class='ocrx_word' id='word_1_139' title='bbox 1053 3859 1103 3917; x_wconf 80' lang='grc' dir='ltr'>ΒΟ</span> 
     </span>
     <span class='ocr_line' id='line_1_30' title="bbox 55 3947 1170 4018; baseline 0.002 -16"><span class='ocrx_word' id='word_1_140' title='bbox 55 3947 85 4002; x_wconf 89' lang='lat' dir='ltr'>de</span> <span class='ocrx_word' id='word_1_141' title='bbox 101 3953 191 4006; x_wconf 80' lang='lat' dir='ltr'>altero</span> <span class='ocrx_word' id='word_1_142' title='bbox 208 3951 243 4018; x_wconf 77' lang='lat' dir='ltr'>A,</span> <span class='ocrx_word' id='word_1_143' title='bbox 263 3951 343 4005; x_wconf 80' lang='lat' dir='ltr'>alteri</span> <span class='ocrx_word' id='word_1_144' title='bbox 362 3948 415 4005; x_wconf 83' lang='lat'>130</span> <span class='ocrx_word' id='word_1_145' title='bbox 473 3949 524 4002; x_wconf 89' lang='grc'>379</span> <span class='ocrx_word' id='word_1_146' title='bbox 541 3949 609 4018; x_wconf 89' lang='lat' dir='ltr'>quid</span> <span class='ocrx_word' id='word_1_147' title='bbox 626 3949 678 4005; x_wconf 85' lang='lat' dir='ltr'>BG</span> <span class='ocrx_word' id='word_1_148' title='bbox 743 3953 794 4006; x_wconf 86' lang='grc'>380</span> <span class='ocrx_word' id='word_1_149' title='bbox 811 3968 857 4004; x_wconf 90' lang='lat' dir='ltr'>me</span> <span class='ocrx_word' id='word_1_150' title='bbox 874 3950 920 4005; x_wconf 88' lang='lat' dir='ltr'>hie</span> <span class='ocrx_word' id='word_1_151' title='bbox 939 3949 1054 4004; x_wconf 75' lang='lat' dir='ltr'>absente</span> <span class='ocrx_word' id='word_1_152' title='bbox 1072 3950 1105 4017; x_wconf 84' lang='lat' dir='ltr'>A,</span> <span class='ocrx_word' id='word_1_153' title='bbox 1124 3949 1170 4004; x_wconf 84' lang='lat' dir='ltr'>hie</span> 
     </span>
     <span class='ocr_line' id='line_1_31' title="bbox 55 4033 1121 4104; baseline 0.002 -18"><span class='ocrx_word' id='word_1_154' title='bbox 55 4035 163 4092; x_wconf 72' lang='lat' dir='ltr'>sinente</span> <span class='ocrx_word' id='word_1_155' title='bbox 181 4053 226 4092; x_wconf 87' lang='lat' dir='ltr'>me</span> <span class='ocrx_word' id='word_1_156' title='bbox 245 4035 294 4090; x_wconf 81' lang='grc' dir='ltr'>ΒΟ</span> <span class='ocrx_word' id='word_1_157' title='bbox 344 4036 464 4104; x_wconf 78' lang='lat' dir='ltr'>negotiis</span> <span class='ocrx_word' id='word_1_158' title='bbox 483 4034 535 4091; x_wconf 86' lang='lat' dir='ltr'>Bc</span> <span class='ocrx_word' id='word_1_159' title='bbox 584 4039 633 4090; x_wconf 86' lang='grc'>381</span> <span class='ocrx_word' id='word_1_160' title='bbox 653 4052 703 4091; x_wconf 73' lang='lat' dir='ltr'>osa</span> <span class='ocrx_word' id='word_1_161' title='bbox 719 4035 770 4089; x_wconf 79' lang='lat' dir='ltr'>Bu</span> <span class='ocrx_word' id='word_1_162' title='bbox 820 4037 870 4091; x_wconf 75' lang='lat'>382</span> <span class='ocrx_word' id='word_1_163' title='bbox 888 4035 1051 4104; x_wconf 79' lang='lat' dir='ltr'>pnaeuenisti</span> <span class='ocrx_word' id='word_1_164' title='bbox 1069 4033 1121 4088; x_wconf 85' lang='lat' dir='ltr'>BG</span> 
     </span>
     <span class='ocr_line' id='line_1_32' title="bbox 57 4121 1170 4191; baseline -0.001 -16"><span class='ocrx_word' id='word_1_165' title='bbox 57 4123 158 4186; x_wconf 68' lang='lat' dir='ltr'>gaudeo</span> <span class='ocrx_word' id='word_1_166' title='bbox 177 4123 228 4176; x_wconf 83' lang='lat' dir='ltr'>BG</span> <span class='ocrx_word' id='word_1_167' title='bbox 283 4125 402 4177; x_wconf 83' lang='grc'><strong>383-84</strong></span> <span class='ocrx_word' id='word_1_168' title='bbox 420 4137 470 4177; x_wconf 82' lang='lat' dir='ltr'>ma.</span> <span class='ocrx_word' id='word_1_169' title='bbox 489 4121 540 4175; x_wconf 82' lang='lat' dir='ltr'>BC</span> <span class='ocrx_word' id='word_1_170' title='bbox 596 4124 646 4174; x_wconf 86' lang='grc'>383</span> <span class='ocrx_word' id='word_1_171' title='bbox 665 4122 756 4191; x_wconf 78' lang='lat' dir='ltr'>operit</span> <span class='ocrx_word' id='word_1_172' title='bbox 773 4121 799 4174; x_wconf 78' lang='lat' dir='ltr'><strong><em>A</em></strong></span> <span class='ocrx_word' id='word_1_173' title='bbox 851 4123 901 4175; x_wconf 85' lang='grc'>385</span> <span class='ocrx_word' id='word_1_174' title='bbox 920 4137 1042 4175; x_wconf 86' lang='lat' dir='ltr'>summas</span> <span class='ocrx_word' id='word_1_175' title='bbox 1061 4138 1170 4191; x_wconf 82' lang='lat' dir='ltr'>semper</span> 
     </span>
     <span class='ocr_line' id='line_1_33' title="bbox 57 4205 1174 4276; baseline 0.001 -17"><span class='ocrx_word' id='word_1_176' title='bbox 57 4209 141 4262; x_wconf 81' lang='lat' dir='ltr'>crebri</span> <span class='ocrx_word' id='word_1_177' title='bbox 158 4208 212 4264; x_wconf 81' lang='lat' dir='ltr'>Bo</span> <span class='ocrx_word' id='word_1_178' title='bbox 267 4209 387 4262; x_wconf 71' lang='lat' dir='ltr'>asenec</span> <span class='ocrx_word' id='word_1_179' title='bbox 405 4207 457 4262; x_wconf 81' lang='grc' dir='ltr'>ΒΟ</span> <span class='ocrx_word' id='word_1_180' title='bbox 505 4207 617 4276; x_wconf 73' lang='lat' dir='ltr'>perpeti</span> <span class='ocrx_word' id='word_1_181' title='bbox 636 4207 663 4260; x_wconf 93' lang='lat' dir='ltr'><em>B</em></span> <span class='ocrx_word' id='word_1_182' title='bbox 715 4223 768 4262; x_wconf 85' lang='lat' dir='ltr'>nee</span> <span class='ocrx_word' id='word_1_183' title='bbox 787 4206 815 4274; x_wconf 84' lang='lat'>0,</span> <span class='ocrx_word' id='word_1_184' title='bbox 835 4206 914 4261; x_wconf 72' lang='lat' dir='ltr'>nsB</span> <span class='ocrx_word' id='word_1_185' title='bbox 968 4222 1102 4275; x_wconf 81' lang='lat' dir='ltr'>pregnam</span> <span class='ocrx_word' id='word_1_186' title='bbox 1121 4205 1174 4260; x_wconf 81' lang='lat' dir='ltr'>BC</span> 
     </span>
     <span class='ocr_line' id='line_1_34' title="bbox 59 4291 1170 4363; baseline 0.002 -19"><span class='ocrx_word' id='word_1_187' title='bbox 59 4292 102 4345; x_wconf 89' lang='grc'>387</span> <span class='ocrx_word' id='word_1_188' title='bbox 119 4294 283 4348; x_wconf 82' lang='lat' dir='ltr'>adsimulaui</span> <span class='ocrx_word' id='word_1_189' title='bbox 301 4293 370 4348; x_wconf 85' lang='lat' dir='ltr'>meis</span> <span class='ocrx_word' id='word_1_190' title='bbox 388 4311 418 4348; x_wconf 92' lang='lat' dir='ltr'>se</span> <span class='ocrx_word' id='word_1_191' title='bbox 435 4293 485 4347; x_wconf 80' lang='lat' dir='ltr'>Bc</span> <span class='ocrx_word' id='word_1_192' title='bbox 536 4291 765 4363; x_wconf 79' lang='lat' dir='ltr'>pregnaniemG</span> <span class='ocrx_word' id='word_1_193' title='bbox 815 4309 868 4361; x_wconf 77' lang='lat' dir='ltr'>ego</span> <span class='ocrx_word' id='word_1_194' title='bbox 886 4291 938 4346; x_wconf 82' lang='lat' dir='ltr'>Bo</span> <span class='ocrx_word' id='word_1_195' title='bbox 987 4294 1039 4346; x_wconf 88' lang='grc'>388</span> <span class='ocrx_word' id='word_1_196' title='bbox 1057 4292 1115 4360; x_wconf 76' lang='lat' dir='ltr'>Qus</span> <span class='ocrx_word' id='word_1_197' title='bbox 1132 4291 1170 4360; x_wconf 84' lang='lat' dir='ltr'>B,</span> 
     </span>
     <span class='ocr_line' id='line_1_35' title="bbox 59 4373 581 4448; baseline 0.004 -18"><span class='ocrx_word' id='word_1_198' title='bbox 59 4373 158 4442; x_wconf 72' lang='lat' dir='ltr'>Quaec</span> <span class='ocrx_word' id='word_1_199' title='bbox 206 4382 325 4448; x_wconf 79' lang='lat' dir='ltr'>propter</span> <span class='ocrx_word' id='word_1_200' title='bbox 343 4395 433 4434; x_wconf 87' lang='lat' dir='ltr'>meam</span> <span class='ocrx_word' id='word_1_201' title='bbox 452 4378 581 4433; x_wconf 73' lang='lat' dir='ltr'>uitamO</span> 
     </span>
    </p>
   </div>
   <div class='ocr_carea' id='block_1_11' title="bbox 0 0 1446 5000">
    <p class='ocr_par' dir='ltr' id='par_1_11' title="bbox 0 0 1446 5000">
     <span class='ocr_line' id='line_1_36' title="bbox 0 0 1446 5000; baseline 0 0"><span class='ocrx_word' id='word_1_202' title='bbox 0 0 1446 5000; x_wconf 95' lang='lat' dir='ltr'> </span> 
     </span>
    </p>
   </div>
  </div>
 </body>
</html>
