2890 5004
259 483 262 487 ’
280 469 341 530 452
794 465 886 520 Persa

285 689 321 698 -
349 654 438 733 „sed“
463 660 597 736 ineptum
622 665 681 732 est3
713 655 779 718 Ted
799 662 914 736 scripsi.
938 689 979 700 -
1004 662 1074 718 744.
1104 657 1288 732 antestium,
1312 683 1339 718 v.
1360 662 1391 716 ad

282 763 365 821 (lure.
380 763 399 822 l.
413 763 432 821 l.
446 793 488 802 -
507 764 576 820 747.
600 761 672 820 Post
694 757 780 820 Nolo
804 762 913 820 hiatur.
927 793 968 802 -—
988 765 1057 823 748.
1080 758 1205 822 sceleste
1228 761 1391 822 Lambinus.

280 897 321 905 —
343 859 420 936 feles
442 861 631 941 44440444οή0,
654 884 719 941 quse
742 868 872 941 virgines
896 871 1029 938 venatur,
1052 868 1088 923 cf.
1114 865 1189 924 Rud.
1215 867 1285 924 738.

366 1176 508 1234 Extrema
540 1194 610 1251 pars
644 1175 750 1234 sabula
784 1179 949 1235 convivium
984 1194 1135 1234 servorum
1167 1173 1260 1232 habet
1288 1176 1390 1231 remissi
1432 1167 1433 1170 ’

282 1280 382 1354 gaudii
399 1279 527 1356 plenum.
573 1281 776 1354 Auapaestieos
795 1299 932 1337 numeros
944 1286 1023 1337 recte
1036 1281 1255 1337 constituerunt
1264 1277 1389 1334 Mueller.

280 1380 405 1440 Prosod.
425 1401 453 1457 p.
475 1384 513 1440 99
535 1388 565 1438 et
583 1381 719 1457 Spengel.
739 1382 984 1440 Reformvorsohl.
1008 1401 1037 1457 p.
1062 1383 1120 1438 389
1145 1400 1189 1456 sq.
1238 1383 1299 1438 750
1323 1387 1391 1437 octe

223 1521 226 1528 ·
281 1487 395 1557 narius,
430 1487 489 1544 751
519 1488 719 1560 septenarius,
755 1486 900 1544 752-54
929 1485 1084 1543 octonarii.
1131 1485 1278 1543 755-56
1313 1489 1391 1540 tetra·

281 1595 374 1646 meter
407 1589 531 1646 creticus
565 1609 629 1646 cum
663 1588 795 1646 clausula
825 1590 1017 1663 anapestica,
1053 1589 1197 1645 757—58
1227 1593 1392 1644 tetrameter

282 1695 407 1750 creticus
424 1709 489 1749 cnm
509 1691 635 1748 dimetro
660 1693 846 1767 anapaestico.
893 1693 1038 1750 759-66
1058 1691 1227 1767 anapaestici
1247 1691 1393 1748 octonarii

283 1794 342 1851 767
366 1797 568 1870 septenarius,
594 1796 653 1852 768
677 1797 860 1866 octonarius,
886 1797 1031 1852 res-72
1054 1795 1227 1872 septenarii,
1256 1794 1391 1850 773-ῖ1

282 1897 435 1969 octonarii,
460 1899 519 1954 775
543 1899 740 1974 septenarius.

365 2001 436 2058 750.
458 1992 588 2075 pacibus
610 2000 721 2076 plurali
742 2019 865 2058 numero
889 2002 979 2060 etiam
1003 1999 1073 2058 alibi
1097 1999 1217 2071 dicitur,
1240 2019 1269 2056 v.
1295 1999 1393 2056 liuore
1434 2009 1435 2024 ¹

281 2103 318 2160 ad
346 2102 464 2160 Lueret.
488 2103 527 2175 V,
559 2105 653 2176 1230,
686 2103 737 2161 sed
765 2103 793 2161 h.
819 2105 837 2160 l.
867 2104 990 2179 pluralis
1020 2102 1102 2160 nulla
1130 2105 1208 2160 ratio
1239 2107 1298 2170 est;
1328 2117 1393 2174 per·

280 2197 371 2276 fectis
392 2224 448 2282 pro
472 2205 560 2263 factis
582 2208 678 2264 minus
702 2205 833 2264 offendit.
863 2235 903 2244 -
935 2209 992 2262 751
1026 2206 1051 2262 si
1079 2211 1159 2263 recte
1188 2206 1319 2281 scriptus
1347 2211 1393 2260 est.

280 2310 463 2386 septenarius
493 2315 538 2364 est
568 2324 632 2366 cum
660 2309 744 2367 hiatu
780 2311 811 2366 in
844 2310 975 2379 dieresi,
1010 2306 1062 2366 sad
1096 2327 1185 2384 quum
1219 2310 1311 2365 ceteri
1342 2309 1394 2362 sere

280 2431 380 2470 omnes
403 2411 547 2470 octonarii
569 2415 638 2484 sint,
662 2413 710 2470 hio
733 2419 848 2488 quoque
872 2411 1003 2470 eiusdem
1025 2413 1139 2490 generis
1154 2411 1249 2468 fuisse
1266 2410 1394 2468 ridetur:
1435 2427 1436 2432 ’

280 2534 371 2590 quare
393 2514 529 2573 Mueller.
557 2517 691 2591 „integro
719 2521 784 2572 toto
807 2509 958 2572 exercitu“
984 2515 1148 2588 scribebat,
1176 2513 1312 2589 Spengel.
1339 2515 1395 2582 „in-

280 2623 365 2694 tegro
389 2624 418 2675 et
440 2620 572 2675 exercitu
595 2623 624 2675 et
646 2615 706 2695 p.“.
727 2649 770 2657 —
792 2619 862 2676 752.
890 2612 997 2692 Quom,
1022 2637 1048 2674 v.
1072 2617 1109 2674 ad
1132 2617 1241 2694 Amph.
1267 2621 1338 2676 636.
1361 2647 1394 2654 -

280 2715 422 2794 Iuppiter
444 2722 578 2778 ultimam
600 2741 658 2780 nou
682 2721 831 2800 producit.
866 2750 906 2760 -
942 2724 1012 2778 753.
1046 2715 1132 2792 Eae,
1167 2721 1185 2776 i.
1210 2741 1235 2777 e.
1260 2721 1322 2778 eius
1346 2722 1394 2776 rei:

282 2826 316 2882 of.
342 2824 431 2882 Poen.
465 2827 554 2882 1252.
596 2824 633 2881 ad
662 2824 746 2898 Gapt.
778 2827 847 2882 357.
882 2853 922 2862 -
957 2826 1027 2881 754.
1062 2818 1218 2892 (iusticiam
1254 2823 1395 2898 Hauptins

285 2925 420 3000 „didam“
447 2933 480 2984 ut
502 2927 565 2984 Mil.
591 2929 661 2984 708.
685 2956 727 2964 -
749 2920 963 3000 participate,
992 2947 1031 2984 so.
1055 2945 1120 2997 eos,
1149 2927 1168 2984 i.
1192 2947 1217 2983 e.
1241 2927 1394 3002 participes

282 3033 395 3102 faciam,
419 3049 447 3087 v.
472 3029 535 3087 Mil.
560 3031 631 3088 234.
655 3059 697 3068 -—
728 3030 798 3088 755.
832 3023 1093 3100 Ile...statui7e,
1123 3029 1197 3088 alios
1220 3049 1322 3087 servos
1344 3029 1393 3087 sibi

283 3135 483 3192 ministrantes
519 3133 689 3208 alloquitur.
724 3161 766 3172 -
801 3133 872 3190 757.
908 3147 986 3206 quae
1017 3125 1160 3192 adsolent
1192 3134 1223 3189 in
1256 3131 1393 3189 eiusmodi

283 3239 435 3294 conviviis.
460 3267 500 3275 -
532 3239 601 3295 758.
632 3229 756 3310 aliquid
782 3230 827 3292 mi
854 3235 958 3310 scripsi
982 3253 1018 3290 ex
1040 3234 1173 3310 vestigiis
1197 3233 1329 3293 codicum
1351 3236 1394 3290 rix

284 3339 397 3410 dubiis,
420 3340 509 3415 vulgo
533 3359 568 3397 ex
591 3339 685 3416 Lipsii
709 3340 783 3396 coni.
809 3335 994 3413 ,equolam“‚
1019 3357 1106 3414 quam
1128 3339 1160 3395 in
1183 3357 1255 3395 cena
1276 3340 1392 3416 primam

284 3445 375 3501 stetui
408 3441 542 3519 profecto
571 3461 628 3500 non
656 3441 764 3513 voluit,
797 3461 851 3498 nec
880 3460 957 3516 aqua
986 3441 1037 3498 sed
1066 3443 1134 3500 vino
1164 3459 1265 3500 omnes
1294 3440 1394 3496 hilaros

284 3547 380 3604 saciet.
437 3545 497 3602 Hoc
528 3545 647 3620 quidem
677 3544 950 3602 animadverterunt
979 3543 1107 3601 editores
1137 3545 1196 3601 759
1230 3563 1288 3619 pro
1319 3515 1392 3600 1444410

288 3646 390 3720 ,inde“
417 3648 588 3706 scribentes.
612 3677 653 3688 —
684 3641 821 3705 ludentis
850 3649 975 3703 retinuit
1004 3646 1129 3722 Speng.;
1163 3651 1232 3704 cett.
1256 3665 1320 3704 eum
1342 3645 1393 3702 Gn·

284 3752 384 3808 lielmo
411 3749 589 3822 ,lubentis“.
635 3742 853 3823 laetificantur,
878 3752 927 3824 qui
951 3750 1038 3806 etiam
1062 3750 1169 3806 esteris
1190 3748 1325 3806 laetitiam
1346 3749 1392 3804 im·

284 3857 426 3932 pertiunt.
484 3854 530 3910 Ad
553 3858 733 3912 structuram
763 3853 798 3910 cf.
823 3849 909 3928 Epid.
935 3853 1010 3910 604:
1059 3851 1257 3923 „exitiabilem
1281 3869 1335 3925 ego
1355 3849 1392 3906 illi

285 3959 390 4014 faciam
413 3958 490 4014 hunc
512 3963 546 4014 ut
570 3955 622 4013 fiat
650 3949 758 4012 diem“.
787 3983 828 3993 —
858 3957 929 4012 760.
960 3949 1032 4012 haec
1059 3973 1162 4012 versus
1190 3974 1280 4013 causa
1306 3961 1391 4011 treus

285 4063 386 4137 posuit
408 4059 542 4118 Mueller.
565 4089 605 4098 -
629 4059 699 4116 763.
727 4051 828 4128 „mea“
852 4058 883 4114 in
907 4056 930 4113 B
954 4077 1034 4115 mero
1057 4074 1157 4115 errore
1179 4065 1278 4116 ortum
1300 4063 1392 4114 tuetur

286 4163 321 4221 R.
346 4165 408 4220 eius
432 4183 520 4220 causa
543 4163 639 4220 deleto
663 4162 763 4236 atque,
792 4179 851 4236 quo
874 4179 973 4217 carere
996 4179 1055 4218 non
1077 4179 1242 4235 possumus.
1267 4187 1308 4198 -
1329 4157 1390 4214 761.

288 4260 409 4337 oculte,
445 4268 643 4324 nominativus
671 4284 726 4340 pro
755 4265 906 4336 vocativo,
936 4251 964 4318 vi
988 4263 1025 4320 ad
1046 4263 1130 4320 Asin.
1154 4263 1226 4320 648.
1258 4292 1297 4302 —
1332 4263 1388 4330 „in”

287 4369 344 4428 del.
368 4369 447 4426 Cam.
477 4397 515 4407 -
550 4370 621 4426 765.
656 4383 712 4444 ape
738 4381 794 4441 aye
822 4364 867 4422 ed.
891 4383 951 4441 pr.,
988 4365 1024 4424 ci.
1048 4365 1114 4423 Ter.
1138 4365 1233 4423 Andr.
1259 4367 1326 4424 310.
1359 4389 1390 4402 -·
