2930 5002
565 481 686 536 audens.
1127 487 1182 547 181

541 670 699 736 Labrax

414 779 455 843 Di
477 777 684 856 inmortalem
709 797 800 842 meus
824 784 883 842 est.
930 775 1039 856 Selue,
1062 777 1183 842 uidule.

511 930 730 997 Daemones

64 1041 192 1109 Tuuene
218 1043 291 1108 eet?

541 1169 699 1236 Labrax

144 1281 303 1366 Rogitas?
338 1278 373 1345 Si
395 1278 528 1364 quidem
551 1278 661 1343 hercle
679 1279 768 1345 lauis
786 1279 858 1358 fuit,
883 1301 975 1345 meus
994 1285 1045 1346 est
1064 1287 1184 1346 tamen.

512 1449 731 1515 Daemones

66 1560 178 1626 Omnia
199 1563 314 1626 ineunt
334 1558 444 1639 celue3
467 1579 532 1624 una
555 1559 653 1622 istinc
675 1559 804 1626 cistella
827 1564 965 1643 excepta
987 1565 1038 1626 est
1061 1559 1159 1626 medo

66 1669 142 1734 Cum
164 1667 361 1753 crepundiis,
385 1667 502 1749 quibus
525 1665 623 1731 hodie
646 1667 746 1731 liliam
768 1669 880 1732 inueni
902 1689 1018 1734 meam.
1119 1685 1187 1738 1550

541 1837 701 1904 Labrax

68 1947 190 2024 Quam?

405 2141 406 2144 ,
513 2077 732 2144 Daemones

140 2187 206 2252 Tun
233 2207 318 2272 quae
340 2184 401 2251 fuit
424 2185 605 2262 Palaestra,
630 2208 669 2251 ea
690 2187 759 2253 filie
781 2190 914 2253 inuenta.
937 2193 988 2253 cst
1010 2207 1092 2252 mea.

543 2350 700 2418 Labrax

69 2459 149 2525 Bene
168 2459 329 2526 mehercle
348 2459 515 2526 factumst.
550 2460 654 2538 Quom
673 2463 776 2526 istaec
798 2481 850 2526 ree
872 2460 934 2526 tibi
957 2482 997 2526 ex
1020 2463 1185 2526 sententia

69 2566 179 2634 Pulere
201 2569 323 2646 euenit,
347 2569 484 2649 gaudeo.

514 2738 735 2806 Daemones

525 2847 615 2913 Istuc
637 2849 732 2915 facile
756 2871 819 2915 non
843 2849 941 2914 creda
963 2847 1036 2913 tibi.

541 3024 699 3090 Labrax

69 3130 163 3199 Immo
185 3133 303 3214 hercle,
328 3141 366 3198 ut
388 3136 474 3218 scias
498 3133 639 3217 gaudere
664 3155 724 3211 me,
747 3134 825 3198 mihi
850 3133 1029 3199 triobolum

70 3237 114 3306 Ob
136 3263 205 3308 eam
228 3265 270 3310 ne
294 3241 382 3322 duis3
404 3242 553 3308 condona
577 3251 620 3307 te.

511 3395 732 3462 Daemones

665 3505 808 3587 Benigne
831 3501 947 3587 edepol
968 3503 1060 3568 iacis.
1118 3501 1185 3573 1355

225 3723 230 3730 ,
538 3653 701 3725 Labrax

72 3760 163 3828 Immo
185 3773 221 3832 tu
245 3765 378 3850 quidem
400 3766 511 3832 hercle
534 3789 623 3832 nero.

547 3925 695 4006 Gripus

493 4035 582 4101 Heus
604 4042 649 4116 tu,
673 4053 766 4116 qaam
788 4034 855 4098 iam
876 4031 999 4097 habeas
1023 4031 1183 4108 nidulum,

75 4169 263 4184 *Qan—

146 4275 210 4330 1341
229 4273 277 4328 odi
339 4273 405 4326 11150
422 4272 523 4342 quibu·
542 4289 605 4326 cum
623 4270 750 4327 hodieO
810 4273 876 4326 1352
893 4269 987 4326 hercle
1006 4269 1034 4326 B
1101 4286 1184 4324 exen-

74 4357 150 4410 teatic
218 4359 285 4413 1354
301 4359 356 4412 mei
374 4355 487 4414 mihit'
556 4357 622 4411 1356
641 4373 725 4426 quom
743 4373 792 4412 am.
