2890 5004
509 481 542 536 v.
560 483 704 536 arr-240.
1105 455 1171 548 '429

48 679 116 738 Non
154 679 230 736 belle
258 679 351 737 uteris
380 680 410 736 in
444 681 508 738 ioco
537 684 625 755 atque
653 680 737 750 vino;
771 676 863 735 Tollis
891 677 984 735 lintea
1012 677 1170 753 neglegen-

47 777 190 841 tiorum“.
219 809 260 822 —
294 774 396 839 Domi
423 795 537 854 eccam,
571 781 609 838 cf.
633 781 704 839 947.
755 779 862 838 Hiatus
891 798 979 838 causa
1000 779 1035 839 R.
1063 776 1167 852 „uam“

49 883 151 960 addit;
175 883 276 943 Muell.
303 881 482 958 „eccillum“.
502 913 541 924 -
566 885 636 944 998.
659 880 864 965 sttlripiiatrix
885 887 931 957 R,
956 883 992 940 ci.
1017 882 1171 941 1111653.

47 1016 90 1027 —
114 980 187 1061 Sia,
210 986 246 1045 cf.
269 986 377 1045 Pseud.
400 989 471 1046 954.
494 1015 536 1026 --
560 989 630 1046 229.
660 984 741 1047 nihil
763 981 864 1062 amco,
893 991 912 1047 i.
934 1009 961 1045 e.
984 987 1106 1044 frustra.
1130 1013 1172 1022 -

50 1091 122 1148 930.
159 1089 234 1160 Quia
267 1109 298 1148 ee
330 1109 457 1148 amorem
487 1091 565 1148 nolle
593 1091 680 1165 dixit,
712 1093 935 1169 Sophoclidisca
964 1089 1172 1148 abstinentiam

50 1193 113 1250 cius
136 1193 248 1250 ironiae
271 1192 383 1250 landet.
430 1191 571 1267 temperi,
595 1196 703 1270 inquit,
725 1197 744 1252 i.
770 1215 794 1253 ο.
819 1195 888 1254 dum
910 1201 1027 1269 tempus
1049 1194 1117 1262 est,·
1134 1189 1171 1247 ci.

49 1293 127 1353 Rud.
153 1296 233 1369 909,
267 1295 412 1371 puerilem
434 1295 520 1354 istam
544 1295 666 1355 formam
690 1303 720 1355 et
741 1303 875 1356 teneram
895 1300 1014 1355 atatem
1035 1286 1173 1369 uiyilare

50 1402 180 1473 oportet,
203 1399 223 1455 i.
247 1417 272 1456 ο.
296 1417 408 1455 summa
430 1418 496 1457 curn
519 1418 588 1457 cura
611 1419 739 1474 servare,
763 1401 799 1458 cf.
825 1399 912 1475 Verg,
933 1398 1031 1474 Georg
1046 1396 1069 1468 I,
1096 1397 1171 1454 313:

53 1499 144 1570 ,Quae
168 1500 320 1575 vigilanda
343 1497 467 1573 viris?“‚
504 1521 541 1560 ne
563 1501 634 1561 flore
659 1505 755 1562 aetatis
779 1504 894 1577 amisso,
918 1500 971 1560 ubi
993 1518 1083 1558 canus
1107 1496 1172 1554 fieri

51 1606 200 1681 coeperis,
233 1602 307 1661 nihil
334 1603 459 1676 habeas,
494 1625 553 1681 quo
581 1605 729 1682 peculium
757 1605 813 1664 tibi
843 1623 996 1682 compares
1023 1601 1061 1660 ad
1082 1600 1172 1659 liber·
1211 1583 1212 1586 Ἴ

51 1708 145 1762 tatem
174 1705 325 1764 emendam
356 1705 514 1768 sufficiens.
566 1709 634 1766 Haeo
656 1711 728 1766 setis
750 1709 838 1786 plane
861 1725 1001 1786 expressa
1023 1704 1173 1775 videntur,

53 1827 232 1884 quamquam
254 1809 289 1867 B.
313 1830 340 1868 v.
365 1811 425 1868 931
452 1807 614 1883 „seruics“
645 1813 742 1888 inquit
766 1813 835 1886 „vix
856 1808 1007 1887 expedias:
1036 1823 1173 1883 proquo

52 1929 122 1968 num
145 1910 224 1970 forte
246 1910 375 1969 dormias
398 1913 540 1989 scriptum
563 1908 659 1972 iuit?“
705 1913 809 1973 Goetz.
821 1914 887 1972 Act.
901 1911 983 1988 Lips.
995 1909 1036 1968 lv
1052 1930 1081 1987 p.
1096 1908 1172 1967 353:

56 2009 230 2085 „sordaae“.
295 2013 414 2091 Optime
447 2035 518 2074 varo
556 2015 591 2075 R.
626 2011 850 2091 uorsicapillus
888 2013 1070 2084 emendavit,
1102 2013 1122 2068 i.
1147 2029 1173 2068 e.

54 2117 136 2174 cuius
160 2116 260 2194 capilli
281 2117 312 2174 in
335 2136 439 2176 canum
463 2118 590 2177 colorem
612 2125 775 2178 mutantur.
798 2149 840 2158 —-
864 2119 935 2177 939.
964 2111 1120 2192 octoyinla
1142 2126 1174 2170 es

54 2216 108 2276 hoc
131 2218 236 2277 ordine
259 2218 293 2278 R.
338 2219 429 2279 Plane
455 2241 581 2298 puerum
611 2242 674 2282 esse
701 2221 774 2281 dicit
805 2227 835 2280 et
862 2223 951 2295 longe
979 2219 1074 2278 aviri
1096 2235 1172 2294 pon-

55 2319 123 2379 dere
146 2321 262 2396 sbesse,
289 2327 325 2380 ut
347 2343 383 2381 ne
406 2322 532 2382 idoneus
555 2325 675 2401 quidem
698 2327 800 2383 veneri
823 2343 886 2384 esse
908 2323 1013 2399 possit.
1037 2349 1079 2360 -
1101 2333 1173 2380 cort·

55 2415 194 2498 fidentia,
219 2425 255 2483 oi.
274 2425 338 2484 Mil.
360 2426 429 2484 191.
463 2427 530 2485 Ter.
548 2427 642 2498 Andr.
661 2429 731 2486 876.
756 2427 834 2486 infra
857 2426 928 2485 284.
951 2451 993 2464 -
1017 2424 1088 2482 933.
1110 2411 1173 2482 illa

55 2527 180 2602 primum
203 2528 338 2606 corripit.
378 2527 477 2587 Guiet.
497 2529 547 2588 R.:
574 2529 703 2602 „Militia
725 2526 810 2588 ille“.
827 2559 869 2569 -—
889 2529 960 2588 934.
983 2520 1087 2603 Atque
1109 2538 1175 2600 690,

55 2628 72 2684 i.
89 2648 118 2716 Ιο.
149 2648 205 2706 ego
233 2650 317 2704 vero;
352 2650 383 2690 se
412 2630 618 2709 reprehendit,
653 2651 681 2690 v.
706 2633 745 2691 ad
772 2631 879 2709 Amph.
910 2632 980 2690 948.
1026 2627 1113 2686 Both.
1137 2625 1172 2685 P..

58 2727 146 2804 „At“,
171 2751 228 2808 quc
251 2753 310 2791 non
332 2754 417 2811 opus.
440 2764 483 2775 -
508 2731 622 2808 „nunc“
648 2734 705 2794 del.
728 2735 816 2793 Both.
842 2764 884 2775 -
914 2735 984 2792 935.
1013 2725 1117 2806 Eme,
1145 2748 1173 2788 v.

57 2832 91 2890 ad
113 2835 220 2912 Amph.
249 2838 317 2896 179.
341 2852 394 2896 ero
421 2837 489 2896 add.
518 2836 605 2897 Both.
634 2836 790 2914 Scriptura
818 2842 917 2895 tomen
944 2855 1049 2912 parum
1078 2835 1173 2904 certa3

56 2935 161 2997 Luchs.
174 2939 205 2996 in
224 2937 358 2998 Studem.
378 2939 462 2998 Stud.
482 2938 543 3017 lp.
557 2941 611 2997 502
638 2939 717 3012 „Ero
739 2959 865 3016 quoque,
890 2939 946 2997 nisi
970 2928 1056 3014 [iam]
1080 2931 1174 3006 ecio“,

57 3059 108 3116 ego
135 3041 220 3104 olim:
258 3041 337 3115 ,Ero
370 3043 464 3116 igitur
494 3039 630 3119 quoque“
664 3047 715 3101 aut
747 3041 857 3115 „Porro
887 3060 937 3101 ero
960 3031 1110 3116 quoque“.
1132 3065 1175 3075 -

58 3137 120 3200 nisi
141 3139 222 3217 scic,
253 3145 272 3204 i.
296 3165 322 3204 e.
346 3147 403 3203 nisi
425 3146 586 3220 rescivere,
611 3145 647 3205 ci.
673 3148 743 3204 937.
767 3143 805 3203 ad
828 3142 916 3202 Most.
943 3143 1012 3201 145.
1037 3171 1076 3180 -
1102 3141 1172 3199 937.

59 3237 164 3319 Enim,
186 3266 213 3304 v.
233 3245 271 3304 ed
288 3247 353 3305 Mil.
371 3249 443 3306 431.
461 3277 502 3286 —
519 3243 675 3320 uicissim,
697 3254 733 3307 ut
755 3264 809 3321 ego
830 3246 888 3304 tibi
909 3246 980 3319 dixi,
1005 3265 1063 3321 quo
1085 3245 1174 3315 irem3

59 3345 91 3406 R.
113 3353 193 3407 recte
216 3369 280 3408 cum
302 3348 495 3427 sequentibus
517 3353 623 3409 iunxit.
652 3379 695 3390 -
723 3352 793 3409 938.
828 3340 1046 3421 eaeteretrcbis,
1073 3347 1103 3405 vi
1126 3365 1174 3404 ex·

59 3451 220 3528 torquebis,
242 3457 277 3510 ut
298 3452 374 3513 Non.
398 3474 426 3531 p.
448 3454 486 3512 69
510 3459 583 3512 extr.
602 3482 644 3493 —
668 3454 702 3513 tto
724 3474 790 3512 curn
812 3453 1002 3530 sequentibus
1023 3450 1114 3508 iunxi.
1135 3476 1176 3486 -

54 3549 144 3626 peior
166 3553 277 3614 Camer.
297 3584 335 3595 -
357 3555 494 3614 Ceterum
512 3559 591 3614 recte
614 3554 692 3614 hunc
712 3575 830 3616 versum
853 3555 972 3630 Pregnio
994 3553 1177 3610 continuavit

61 3655 103 3714 ed.
115 3677 171 3734 pr,
195 3677 249 3716 nec
270 3661 348 3717 enim
371 3660 509 3719 mulieres
526 3679 580 3735 per
596 3658 750 3717 Herculem
773 3657 921 3731 iurabant,
945 3675 974 3716 v.
987 3654 1063 3714 Gell.
1075 3653 1127 3726 XI,
1146 3655 1175 3713 6.

61 3758 150 3836 Bugg.
173 3759 279 3819 Philol.
299 3761 385 3820 XXX
406 3782 436 3840 p.
457 3764 528 3821 646.
572 3761 653 3820 Male
675 3760 710 3821 R.
734 3761 848 3820 ancillas
869 3759 961 3832 dedit,
985 3757 1062 3816 unde
1086 3758 1176 3815 etiam

62 3863 191 3937 proxima
217 3862 276 3923 dno
305 3867 425 3924 uomina
454 3864 530 3923 mele
558 3866 688 3924 inversa.
712 3894 754 3904 —
782 3859 872 3923 Mers
901 3855 983 3922 hiala
1005 3861 1176 3937 frequenter

64 3963 96 4022 de
116 3965 297 4040 mulieribus,
321 3987 348 4026 v.
363 3967 490 4026 adMen.
506 3969 575 4027 745.
599 3996 642 4007 -
665 3969 736 4026 940.
760 3966 831 4038 Quae
854 3985 918 4024 voc.
943 3976 1015 4040 erpo
1037 3965 1067 4022 in
1089 3963 1174 4021 codd.

63 4073 229 4144 sequuntur,
251 4069 426 4147 paulopost
445 4063 517 4144 (941
532 4063 592 4146 sq.)
607 4072 649 4128 ite
671 4073 857 4147 repetuntur,
881 4071 916 4126 ut
932 4067 1057 4126 alterum
1076 4073 1176 4124 utrum

65 4172 191 4247 spurium
213 4189 276 4230 esse
297 4178 456 4249 appareat;
481 4177 511 4230 et
532 4173 635 4250 priora
657 4172 777 4247 quidem
795 4171 918 4230 delenda
935 4189 998 4228 esse
1016 4169 1063 4227 vel
1082 4174 1176 4226 struc-

65 4276 131 4332 turae
161 4273 259 4334 hiatus
288 4275 419 4334 ostendit
445 4274 494 4332 vel
516 4276 655 4334 vitiosum
680 4271 864 4346 „edicerem“
889 4294 944 4352 pro
970 4267 1174 4349 „eloquerer“.

67 4372 114 4433 Hie
134 4376 240 4436 deletis
261 4375 401 4438 Goetzius
422 4379 489 4438 Act.
513 4377 594 4454 Lips.
614 4376 653 4435 vl
675 4398 706 4455 p.
726 4378 786 4436 938
810 4379 921 4436 exitum
943 4394 1047 4434 versus
1068 4374 1175 4453 probe.-
