2930 5002
61 536 114 602 ΙΙΙ,
133 538 159 604 4,
177 536 280 590 stt—44
569 531 691 586 Rudent.
1123 536 1180 596 131

516 720 725 786 Trachalio

63 837 170 920 Atque
195 855 267 899 eres
289 840 366 898 tues
388 831 519 918 quidem
543 829 651 895 hercle
674 838 774 912 atque
798 851 837 893 ex
855 851 1011 912 germane
1030 833 1185 913 Graecia3

63 944 145 1009 Nem
169 943 275 1008 altere
297 942 379 1006 haee
401 946 454 1006 est
475 945 555 1004 nate
578 939 715 1003 Athenis
739 938 889 1021 ingenuis
906 940 1108 1018 pareatibus.

516 1082 737 1148 Daemones

67 1194 148 1274 Quid
174 1214 235 1278 ego
259 1199 354 1260 exte
377 1191 498 1258 sudio?

518 1309 730 1376 Trachalio

534 1419 627 1484 Hanc
649 1418 787 1484 Athenis
810 1437 880 1484 esse
903 1427 1015 1488 netem
1038 1424 1185 1494 liberam.

518 1563 736 1629 Daemones

69 1677 139 1741 hies
161 1674 333 1761 popularis
356 1674 494 1740 obsecro
517 1673 600 1738 hese
623 1672 693 1737 est?

521 1815 732 1880 Trachalio

687 1923 762 1987 Non
785 1928 823 1987 tu
846 1922 1040 2007 Cyrenensis
1063 1931 1120 1993 es?
1138 1949 1190 2001 rso

518 2046 738 2112 Daemones

72 2157 168 2223 Immo
192 2156 328 2222 Athenis
351 2153 626 2239 nebus.altusque
649 2154 876 2238 educatusque
899 2154 1023 2219 Atticis.

524 2291 737 2356 Trachalio

74 2401 226 2480 Obsecro,
251 2401 389 2469 defendo
413 2401 496 2467 einis
518 2408 603 2480 tues,
627 2421 736 2466 senex.

522 2537 745 2603 Daemones

784 2645 811 2711 Ο
833 2645 911 2726 filie,

79 2754 175 2832 Quam
199 2779 259 2842 ego
282 2757 366 2823 hene
388 2757 495 2836 uideo,
520 2777 665 2822 mearum
689 2776 740 2820 me
760 2756 877 2822 absens
895 2757 1099 2822 miseriarum
1117 2779 1193 2824 eon-

787 2885 908 2931 mones.

81 2971 183 3039 Trime
205 2995 289 3057 quse
312 2973 413 3058 periit
435 2973 523 3052 mihi,
547 2975 613 3039 ism
637 2980 731 3038 tante
755 2980 852 3052 esset,
876 2974 903 3038 si
926 2975 1019 3051 uiuit,
1043 2977 1119 3042 seio.

552 3110 712 3176 Labrax

83 3217 252 3301 Argentum
277 3239 336 3302 ego
360 3241 420 3303 pro
442 3219 554 3285 istisce
578 3219 755 3300 ambabus,
785 3221 903 3303 quoiae
927 3227 1037 3300 erent,
1062 3220 1195 3287 domino

790 3328 875 3393 dedi.
1145 3349 1196 3400 res

85 3434 162 3511 Quid
183 3458 255 3503 mee
276 3435 389 3515 refert,
412 3436 492 3502 haec
514 3437 650 3502 Athenis
673 3444 772 3502 ustae
796 3457 838 3501 sn
861 3437 981 3503 Thebis
1005 3439 1100 3516 sient,

87 3541 161 3610 Dum
183 3545 261 3612 mihi
284 3551 373 3611 reete
397 3546 592 3610 seruitutem
614 3545 783 3610 seruirent?
897 3554 902 3564 ’

447 3729 452 3736 -
528 3683 740 3748 Trachalio

821 3791 924 3868 Itane,
948 3792 1134 3876 inpudens?

90 3893 172 3962 Tune
192 3898 244 3965 hie
266 3899 342 3965 ielis
365 3899 538 3983 uirginslis
560 3899 682 3965 liberos
705 3900 897 3984 perentibus

93 4001 249 4072 Subiectos
272 4007 410 4073 hebebis
433 4016 534 4092 etque
557 4009 691 4090 indigno
715 4017 856 4092 quaestu
880 4011 1054 4074 conteres?

96 4157 282 4172 nm..—

169 4247 313 4302 'il'lherss
331 4245 359 4300 B
466 4249 518 4301 tas
536 4248 598 4301 ine
609 4285 753 4302 .........
764 4247 840 4302 tibus
859 4245 893 4314 B,
913 4247 972 4302 sine
983 4285 1074 4302 ......
1084 4247 1203 4302 tibusO

95 4328 138 4379 731
156 4332 245 4399 attigit
331 4335 381 4388 738
400 4331 464 4387 Mes
480 4351 542 4387 eum
630 4349 674 4386 me
693 4333 787 4386 ΜΟ
869 4335 920 4388 736
938 4335 981 4386 hes
1068 4333 1202 4386 thebeo

97 4413 141 4466 738
157 4416 221 4472 fellis
294 4419 345 4473 789
364 4419 511 4474 Subiecta:
529 4417 556 4471 B
625 4423 725 4486 questu

962 4527 994 4580 9*
