2928 4996
556 487 587 542 v.
607 487 752 543 νει-767.
1150 494 1213 556 653
1317 517 1323 533 .

77 703 110 741 v.
132 682 172 741 ad
189 683 271 743 Asin.
294 683 364 742 163.
385 711 423 724 -
448 684 520 754 768,
544 683 579 741 of.
598 682 635 741 ed
652 682 741 742 Poon.
761 683 832 742 683.
868 681 911 740 Do
928 681 1091 742 indicativo
1114 678 1213 744 coedis

75 805 108 844 v.
123 785 165 843 ed
176 783 267 843 Mero.
282 786 353 858 544,
371 785 408 845 ci.
422 785 460 845 cd
472 785 562 844 Most.
577 786 648 844 670.
672 783 736 844 Mil.
752 785 812 844 606
825 804 868 861 sq.
886 813 928 824 -
948 786 1020 843 759.
1039 775 1092 844 De
1103 779 1212 860 aidila,

78 885 169 945 nulle
198 885 234 944 dc
264 904 368 962 cause,
402 909 430 947 v.
454 886 492 947 ed
515 885 603 946 Gurc.
624 887 703 960 477;
739 886 791 946 eod
813 886 952 945 Plautum
980 885 1036 946 hoc
1059 889 1226 966 scripsisse·

78 1009 145 1047 non
169 987 267 1047 credo.
293 1017 328 1028 -
360 983 441 1050 nihil
464 989 526 1063 est,
555 988 668 1048 nullam
691 991 836 1048 rationem
859 987 964 1062 habet,
988 1009 1016 1048 v.
1039 979 1117 1048 infre
1140 991 1212 1051 841.
1280 1044 1286 1060 ,

80 1091 125 1150 ed
147 1091 230 1149 Asin.
256 1092 328 1151 424.
360 1120 396 1132 -
429 1093 489 1151 760
520 1111 574 1150 em.
598 1091 644 1150 ed.
673 1109 718 1170 pr.
747 1119 789 1133 -
821 1092 967 1150 761-62
997 1110 1136 1151 somnum
1166 1113 1213 1152 or·

81 1193 186 1252 dinem
215 1194 350 1252 restituit
378 1191 497 1252 Gruter.
554 1185 688 1269 adfinia,
721 1213 788 1252 nem
819 1194 883 1253 eius
912 1192 976 1252 filie
1004 1195 1031 1251 ei
1065 1192 1214 1284 dequnsa

81 1297 196 1372 neree,
218 1315 247 1355 v.
272 1295 349 1368 ern
378 1296 414 1354 cf.
437 1294 505 1354 Aul.
530 1297 602 1355 aaa.
632 1325 673 1336 -
704 1297 775 1355 ecc.
805 1281 879 1368 scic
901 1292 1083 1358 tonstricem
1105 1296 1213 1370 hictus,

81 1399 172 1456 cuius
205 1397 319 1456 vitendi
352 1415 441 1456 cause
473 1397 523 1474 Sp.
555 1399 655 1472 „illem
687 1394 892 1470 tonstricem“,
927 1389 995 1458 sch.
1027 1419 1146 1473 „eccam
1168 1395 1211 1460 t.“

80 1501 286 1578 scripserunt,
321 1504 460 1559 neutrum
483 1508 562 1579 epte.
617 1499 662 1560 De
691 1498 837 1562 tcu'strice
867 1520 895 1561 v.
920 1501 957 1560 ed
980 1503 1053 1560 402.
1078 1531 1118 1542 -
1143 1503 1213 1563 763.

82 1595 256 1676 Periimwi,
278 1602 314 1662 cf.
338 1602 415 1662 Rud.
428 1605 511 1663 ’229
563 1603 724 1680 Postquam
747 1622 837 1662 unum
861 1605 889 1663 ei
910 1603 987 1662 male
1009 1606 1120 1677 evenit,
1143 1605 1163 1662 i.
1188 1625 1212 1662 e.

80 1709 245 1783 postquem
269 1705 466 1766 Phronesium
488 1725 553 1765 enm
575 1687 712 1780 exclusit',
735 1708 824 1765 timet
840 1727 879 1766 ne
895 1707 1011 1783 relique
1029 1708 1119 1765 otiam
1139 1707 1215 1766 male

82 1807 261 1886 procedant.

177 1912 247 1970 765.
283 1910 419 1971 Callicles
447 1930 535 1971 senex
564 1913 626 1970 exit
653 1931 719 1970 cum
747 1910 862 1970 duabus
891 1911 1006 1970 aucillis
1034 1917 1065 1970 st
1086 1912 1213 1985 loreriis,

86 2017 143 2090 qui
165 2032 214 2072 ees
236 2033 332 2092 nuper
353 2019 508 2073 torserunt
529 2019 560 2072 et
579 2016 670 2073 etiem
692 2033 770 2073 nuuc
791 2013 906 2072 vinctas
928 2013 1039 2072 hebent
1061 2008 1101 2088 (v.
1126 2008 1213 2089 827).

85 2115 171 2174 Duas
193 2117 289 2176 fuisse·
305 2122 433 2195 apparet
456 2137 492 2176 ex
511 2138 538 2176 v.
555 2118 630 2189 762;
654 2134 754 2175 aarum
771 2093 909 2174 Schocllii
932 2117 1068 2192 exemplo
1091 2117 1214 2176 alteram

84 2212 288 2278 Archilincm
319 2220 493 2297 appellabo,
530 2220 655 2278 alteram
683 2217 815 2286 Calliclis
849 2218 1024 2294 simpliciter
1057 2213 1214 2279 ancillam.

85 2319 161 2380 (lod.
186 2319 210 2379 B
239 2323 271 2379 in
299 2320 354 2378 hec
383 2340 472 2381 soene
501 2322 658 2400 aliquoties
682 2321 800 2380 Graecas
828 2339 1020 2400 personarum
1044 2327 1131 2380 notes
1152 2342 1215 2381 ser-

87 2424 189 2497 vavit,
222 2443 312 2502 quum
336 2421 358 2481 0
387 2441 481 2482 vacue
507 2426 605 2502 spatie
633 2425 802 2500 reliquerit.
857 2422 1033 2482 BGelliolis
1061 2429 1134 2482 note
1162 2431 1216 2500 est,

86 2525 148 2584 nisi
171 2525 251 2602 quod
276 2528 334 2585 781
360 2531 391 2585 et
414 2527 474 2586 606
498 2545 600 2586 errore
622 2529 649 2585 Δ
671 2517 816 2603 acciptum
839 2531 900 2598 est;
922 2525 950 2583 A
972 2523 1124 2586 Diniarchi
1145 2528 1217 2599 775,

88 2629 163 2703 784,
188 2629 259 2702 813,
285 2631 334 2703 16,
359 2631 408 2703 24,
432 2630 482 2688 30.
527 2629 710 2689 Ancillerum
732 2635 810 2687 notae
838 2627 908 2687 sunt
929 2627 950 2682 8
974 2633 1005 2687 et
1029 2637 1066 2702 θ,
1098 2630 1151 2688 ssd
1173 2630 1218 2689 hes

86 2750 197 2808 perum
219 2735 393 2790 constanter
415 2723 576 2809 ponuntur.
631 2719 652 2789 0
678 2730 785 2791 ancille
813 2736 858 2790 ast
881 2730 1036 2791 Phronesii
1060 2733 1135 2804 781,
1168 2733 1218 2807 89,

88 2835 143 2905 94,
166 2833 460 2906 udalscalcus,
491 2841 514 2892 θ
538 2833 667 2894 Calliclie
686 2835 756 2909 780,
776 2835 847 2905 786,
866 2835 937 2907 791,
957 2835 1029 2906 800,
1050 2839 1077 2906 5,
1099 2835 1147 2906 12,
1167 2835 1217 2906 26,

87 2935 246 2996 Phronesii
265 2937 337 3008 787,
356 2939 406 2996 94.
452 2937 557 3010 Semel,
581 2960 609 2997 v.
629 2939 699 3010 790,
718 2936 872 2995 Phronesii
895 2936 1003 2995 ancille
1026 2938 1093 2996 elie*
1107 2942 1178 2995 note
1195 2945 1221 2992 Γ

87 3037 284 3116 significetur,
317 3038 395 3116 quod
418 3040 466 3098 cui
488 3042 584 3100 errori
606 3041 751 3099 debeatur
773 3057 832 3098 non
855 3039 990 3114 dixerim,
1013 3039 1065 3098 sed
1089 3043 1171 3097 erret
1193 3039 1218 3097 si

88 3141 161 3218 quis
190 3161 256 3200 cum
278 3141 399 3201 Loerrio
422 3140 508 3201 Anel.
533 3143 632 3202 Plaut.
655 3161 685 3220 p.
712 3143 771 3201 186
795 3147 871 3215 tres,
906 3161 965 3200 nou
993 3139 1068 3200 dues
1096 3139 1219 3200 ancillas

88 3243 141 3301 hio
163 3243 294 3302 discerni
316 3249 413 3321 putet.

179 3344 314 3405 Callicles
348 3347 469 3406 ancillas
504 3367 552 3420 ea,
592 3365 657 3423 quae
697 3349 857 3406 tormentis
891 3351 1000 3405 coactae
1034 3345 1118 3406 lesse
1150 3348 1221 3420 sint,

89 3451 202 3506 iterum
224 3451 287 3508 eins
301 3451 468 3524 ¹tormentis
491 3456 628 3527 repetere
650 3448 725 3509 vult.
778 3448 813 3508 Iu
836 3448 964 3508 medium
986 3467 1152 3507 sermonem
1174 3467 1220 3507 ra·

89 3555 217 3629 piuntur
239 3556 423 3628 spectatores
445 3556 479 3610 ut
495 3551 588 3611 dioro.
609 3553 680 3612 945.
726 3553 850 3612 Ancillae
872 3551 1006 3611 convicie
1027 3557 1059 3610 et
1079 3551 1221 3620 duritiem

92 3655 160 3714 eius
182 3674 213 3713 se
234 3655 339 3714 timore
362 3654 519 3726 dixerunt3
542 3655 593 3712 ille
616 3656 728 3714 ironice
746 3660 884 3732 negatae
904 3657 940 3712 iis
960 3659 1012 3712 eut
1029 3655 1105 3712 male
1122 3654 1222 3713 dicere

93 3761 148 3814 aut
170 3751 361 3832 mela'‘velle;
389 3734 546 3835 utrennque
569 3756 749 3833 alloquitur,
779 3757 831 3815 scd
859 3756 1046 3834 singillatim,
1082 3749 1140 3815 tibi
1166 3754 1223 3815 aut

94 3849 152 3916 tibi
179 3857 215 3918 cf.
241 3859 311 3918 828.
347 3847 384 3918 ud
414 3859 501 3938 Cept.
525 3861 596 3920 446.
631 3889 673 3900 -
706 3858 764 3918 Pro
792 3864 934 3936 corrupto
965 3858 1022 3932 „ad
1049 3855 1097 3916 te“
1129 3859 1222 3936 atque

93 3941 211 4037 scripsi.
266 3956 448 4021 elicuimus
470 3963 574 4022 meust
602 3981 666 4022 cum
687 3960 936 4052 'antecedentibus
958 3962 1057 4035 iunxi,
1087 3981 1160 4034 nou,
1190 3966 1223 4020 ut

93 4062 186 4136 vulgo
218 4063 347 4136 faciunt,
382 4083 449 4124 cum
481 4065 685 4141 sequentibus.
748 4064 873 4138 cuerit,
908 4083 979 4123 num
1013 4063 1102 4122 eliter
1134 4081 1222 4138 egeae
1339 4071 1341 4074 ’

94 4168 208 4244 possit,
238 4167 289 4242 qui
317 4170 436 4225 tentum
458 4166 592 4228 dolorem
619 4168 796 4245 perceperit.
819 4195 862 4208 -
886 4167 956 4226 766.
981 4165 1125 4241 experta
1146 4160 1222 4225 eatis

95 4268 142 4326 cd.
166 4287 212 4347 pr.
256 4264 318 4328 eim
339 4261 430 4327 mitis
453 4261 703 4346 tranquillaeque
725 4267 804 4327 cem.
834 4297 876 4308 -
905 4269 977 4328 767.
1007 4261 1114 4328 ambae
1135 4265 1221 4326 Grut.
1332 4299 1336 4306 ·

96 4364 279 4431 metecus
313 4370 381 4448 Su,
422 4369 522 4430 Guiet.
559 4366 781 4448 ,nepulantis“.
842 4369 1085 4429 Verberebentur
1125 4375 1222 4428 anteon
