2864 5000
41 473 86 537 IV,
105 475 129 536 2,
150 473 285 526 117-127
512 475 697 530 Trinummus.
1098 479 1158 539 315

41 663 71 726 Si
87 662 173 728 hunc
190 683 323 746 possum
340 662 396 728 illo
414 664 502 730 mille
519 686 685 730 nummum
702 662 888 746 Philippum
905 663 1158 732 circumducere.
1241 675 1244 682 '

42 770 131 847 Quod
144 771 270 836 sibime
284 771 412 837 dedisse
425 773 517 838 dixit.
553 770 654 849 Quem
674 792 733 854 ego
746 773 802 854 qui
816 773 860 837 sit
871 769 968 836 homo
982 770 1089 836 nescio
1108 789 1160 840 960

41 879 149 962 Neque
178 877 283 944 oculis
312 887 389 946 ante
417 881 502 946 hunc
532 879 619 945 diem
647 900 800 964 umquam
830 879 915 958 nidi,
950 879 1021 944 eine
1044 899 1159 944 aurum

750 977 939 1052 crederem?

43 1093 130 1172 Quoi,
161 1097 187 1160 ei
212 1096 330 1179 capitis
352 1117 405 1162 ree
429 1098 481 1175 sit,
510 1117 676 1160 nummum
699 1116 876 1178 numquam
900 1097 1030 1160 credam
1055 1095 1159 1178 plum-

753 1204 858 1268 baum.

44 1311 302 1392 Adgredinndust
331 1312 383 1376 hic
410 1311 505 1378 homo
533 1314 577 1376 mi
600 1320 684 1376 astu.
741 1311 847 1388 Heus,
882 1311 964 1388 Pax,
999 1320 1031 1376 te
1054 1313 1159 1378 tribus

752 1419 864 1484 uerbis
887 1419 972 1484 uolo.

468 1539 730 1623 Sycophanta

44 1644 99 1710 Uol
122 1649 289 1714 trecentis.

478 1755 712 1820 Charmides

221 1863 337 1929 Haben
360 1872 397 1929 tn
421 1863 454 1928 id
478 1885 604 1940 aurum,
629 1864 716 1946 quod
740 1865 896 1947 accepisti
920 1885 939 1927 a
964 1861 1159 1928 Charmide?

378 2065 381 2072 ,
469 2000 731 2083 Sycophanta

45 2109 144 2192 Atque
167 2111 267 2174 etiam
289 2107 503 2192 Philippeum,
527 2116 734 2172 numeratum
757 2108 844 2173 illius
866 2110 899 2173 in
923 2129 1035 2174 mensa
1054 2131 1159 2176 mann.

46 2213 127 2280 Mille
150 2237 343 2298 nummum..

479 2333 718 2402 Charmides

350 2443 474 2528 Nempe
499 2445 541 2510 ab
564 2447 636 2528 ipso
659 2445 692 2508 id
717 2445 873 2528 accepisti
897 2443 1092 2510 Charmide?
1111 2463 1161 2517 966

470 2587 729 2670 Sycophanta

49 2691 157 2759 Mirum
186 2696 265 2778 quin
294 2693 336 2758 ab
365 2714 429 2758 auo
458 2696 526 2760 eius
549 2703 605 2758 aut
629 2715 752 2776 proauo
775 2695 970 2778 acciperem,
1006 2699 1161 2778 quisunt

755 2805 887 2867 mortui.

481 2919 718 2986 Charmides

50 3027 250 3106 Adulescens,
274 3027 355 3094 cado
379 3028 455 3094 dum
479 3031 564 3094 istuc
587 3051 703 3094 aurum
727 3029 815 3095 mihi.

471 3170 733 3256 Sycophanta

642 3279 735 3355 Quod
762 3301 821 3362 ego
845 3301 960 3344 aurum
984 3282 1055 3344 dem
1079 3281 1181 3345 tibia·

480 3413 716 3480 Charmides

53 3519 136 3597 Quod
160 3546 179 3588 a
202 3546 252 3589 me
275 3531 307 3589 te
330 3526 497 3606 accepisse
520 3524 647 3589 fassu's.

471 3631 729 3746 Sycophanta

639 3768 705 3833 Aba
727 3777 760 3832 te
784 3769 973 3850 accepisse?

481 3886 718 3953 Charmides

960 3971 1012 4036 Ita
1034 3972 1161 4055 loquor.

128 4179 176 4232 959
194 4173 367 4231 nummosC
424 4175 552 4244 philippo
572 4175 634 4231 ciue
653 4175 756 4229 ducere
816 4176 864 4228 961
887 4175 985 4228 mirum
1042 4177 1092 4228 969
1111 4177 1164 4230 siet

57 4257 98 4310 969
115 4259 324 4332 adgrediendus
343 4267 386 4313 cst
404 4258 431 4313 Β
492 4259 706 4315 mastichensO
759 4260 810 4314 966
829 4259 1000 4314 nummon
1049 4278 1118 4328 nepe
1137 4259 1164 4313 Β

58 4341 99 4393 967
113 4347 208 4400 mirum
228 4346 295 4415 quid
347 4346 417 4398 ciuis
435 4344 463 4398 Β
824 4351 829 4362 ·
