<?xml version="1.0" encoding="UTF-8"?>
<!DOCTYPE html PUBLIC "-//W3C//DTD XHTML 1.0 Transitional//EN"
    "http://www.w3.org/TR/xhtml1/DTD/xhtml1-transitional.dtd">
<html xmlns="http://www.w3.org/1999/xhtml" xml:lang="en" lang="en">
 <head>
  <title>
</title>
<meta http-equiv="Content-Type" content="text/html;charset=utf-8" />
  <meta name='ocr-system' content='tesseract 3.04.00' />
  <meta name='ocr-capabilities' content='ocr_page ocr_carea ocr_par ocr_line ocrx_word'/>
</head>
<body>
  <div class='ocr_page' id='page_1' title='image "./tmacciiplautico04ussigoog_0422.png"; bbox 0 0 2890 5004; ppageno 0'>
   <div class='ocr_carea' id='block_1_1' title="bbox 65 1671 1183 4465">
    <p class='ocr_par' dir='ltr' id='par_1_1' title="bbox 65 1671 1183 3844">
     <span class='ocr_line' id='line_1_1' title="bbox 66 1671 1180 1787; baseline 0.005 -20"><span class='ocrx_word' id='word_1_1' title='bbox 66 1671 164 1771; x_wconf 76' lang='lat' dir='ltr'>pereae</span> <span class='ocrx_word' id='word_1_2' title='bbox 188 1719 394 1787; x_wconf 73' lang='lat' dir='ltr'><strong>argumentum</strong></span> <span class='ocrx_word' id='word_1_3' title='bbox 417 1713 492 1772; x_wconf 87' lang='lat' dir='ltr'>exile</span> <span class='ocrx_word' id='word_1_4' title='bbox 516 1720 568 1771; x_wconf 91' lang='lat' dir='ltr'>est.</span> <span class='ocrx_word' id='word_1_5' title='bbox 616 1715 739 1772; x_wconf 84' lang='lat' dir='ltr'>Amores</span> <span class='ocrx_word' id='word_1_6' title='bbox 762 1733 820 1772; x_wconf 92' lang='lat' dir='ltr'>non</span> <span class='ocrx_word' id='word_1_7' title='bbox 844 1713 1005 1773; x_wconf 89' lang='lat' dir='ltr'>liberarum</span> <span class='ocrx_word' id='word_1_8' title='bbox 1029 1714 1180 1774; x_wconf 89' lang='lat' dir='ltr'>hominnm</span> 
     </span>
     <span class='ocr_line' id='line_1_2' title="bbox 66 1815 1180 1894; baseline 0.004 -24"><span class='ocrx_word' id='word_1_9' title='bbox 66 1816 112 1872; x_wconf 84' lang='lat' dir='ltr'>sed</span> <span class='ocrx_word' id='word_1_10' title='bbox 135 1835 287 1874; x_wconf 85' lang='lat' dir='ltr'>servorum</span> <span class='ocrx_word' id='word_1_11' title='bbox 314 1821 433 1874; x_wconf 87' lang='lat' dir='ltr'>tractat.</span> <span class='ocrx_word' id='word_1_12' title='bbox 489 1815 626 1888; x_wconf 87' lang='lat' dir='ltr'>Toxilus,</span> <span class='ocrx_word' id='word_1_13' title='bbox 660 1818 725 1892; x_wconf 91' lang='lat' dir='ltr'>qui,</span> <span class='ocrx_word' id='word_1_14' title='bbox 760 1817 828 1874; x_wconf 89' lang='lat' dir='ltr'>dum</span> <span class='ocrx_word' id='word_1_15' title='bbox 857 1817 944 1874; x_wconf 88' lang='lat' dir='ltr'>herus</span> <span class='ocrx_word' id='word_1_16' title='bbox 972 1837 1098 1894; x_wconf 76' lang='lat' dir='ltr'>peregre</span> <span class='ocrx_word' id='word_1_17' title='bbox 1127 1823 1180 1888; x_wconf 89' lang='lat' dir='ltr'>est,</span> 
     </span>
     <span class='ocr_line' id='line_1_3' title="bbox 66 1917 1180 1994; baseline 0.005 -22"><span class='ocrx_word' id='word_1_18' title='bbox 66 1920 243 1976; x_wconf 88' lang='lat' dir='ltr'>condicionis</span> <span class='ocrx_word' id='word_1_19' title='bbox 272 1937 331 1977; x_wconf 73' lang='lat' dir='ltr'>sna</span> <span class='ocrx_word' id='word_1_20' title='bbox 362 1917 473 1976; x_wconf 86' lang='lat' dir='ltr'>oblitus</span> <span class='ocrx_word' id='word_1_21' title='bbox 501 1922 532 1976; x_wconf 92' lang='lat' dir='ltr'>in</span> <span class='ocrx_word' id='word_1_22' title='bbox 563 1921 703 1976; x_wconf 86' lang='lat' dir='ltr'>conviviis</span> <span class='ocrx_word' id='word_1_23' title='bbox 732 1925 763 1976; x_wconf 90' lang='lat' dir='ltr'>et</span> <span class='ocrx_word' id='word_1_24' title='bbox 791 1918 938 1977; x_wconf 88' lang='lat' dir='ltr'>amoribus</span> <span class='ocrx_word' id='word_1_25' title='bbox 966 1920 1058 1977; x_wconf 87' lang='lat' dir='ltr'>vitam</span> <span class='ocrx_word' id='word_1_26' title='bbox 1088 1921 1180 1994; x_wconf 80' lang='lat' dir='ltr'>degit,</span> 
     </span>
     <span class='ocr_line' id='line_1_4' title="bbox 65 2019 1181 2098; baseline 0.003 -22"><span class='ocrx_word' id='word_1_27' title='bbox 65 2019 285 2079; x_wconf 89' lang='lat' dir='ltr'>Lemniselenen</span> <span class='ocrx_word' id='word_1_28' title='bbox 297 2027 386 2094; x_wconf 87' lang='lat' dir='ltr'>amat,</span> <span class='ocrx_word' id='word_1_29' title='bbox 402 2022 584 2079; x_wconf 77' lang='lat' dir='ltr'>meretricem</span> <span class='ocrx_word' id='word_1_30' title='bbox 597 2021 729 2078; x_wconf 90' lang='lat' dir='ltr'>Dordalo</span> <span class='ocrx_word' id='word_1_31' title='bbox 741 2022 839 2079; x_wconf 89' lang='lat' dir='ltr'>lenoni</span> <span class='ocrx_word' id='word_1_32' title='bbox 852 2022 1037 2094; x_wconf 85' lang='lat' dir='ltr'>servientem,</span> <span class='ocrx_word' id='word_1_33' title='bbox 1058 2043 1181 2098; x_wconf 86' lang='lat' dir='ltr'>eamque</span> 
     </span>
     <span class='ocr_line' id='line_1_5' title="bbox 67 2123 1180 2202; baseline 0.004 -24"><span class='ocrx_word' id='word_1_34' title='bbox 67 2123 188 2181; x_wconf 85' lang='lat' dir='ltr'>liberare</span> <span class='ocrx_word' id='word_1_35' title='bbox 211 2126 303 2200; x_wconf 87' lang='lat' dir='ltr'>cupit,</span> <span class='ocrx_word' id='word_1_36' title='bbox 326 2123 378 2180; x_wconf 88' lang='lat' dir='ltr'>sed</span> <span class='ocrx_word' id='word_1_37' title='bbox 400 2127 553 2197; x_wconf 81' lang='lat' dir='ltr'>sexaginta</span> <span class='ocrx_word' id='word_1_38' title='bbox 570 2143 713 2196; x_wconf 82' lang='lat' dir='ltr'>nummos,</span> <span class='ocrx_word' id='word_1_39' title='bbox 737 2143 812 2201; x_wconf 90' lang='lat' dir='ltr'>quos</span> <span class='ocrx_word' id='word_1_40' title='bbox 831 2125 897 2180; x_wconf 88' lang='lat' dir='ltr'>leno</span> <span class='ocrx_word' id='word_1_41' title='bbox 914 2143 969 2201; x_wconf 92' lang='lat' dir='ltr'>pro</span> <span class='ocrx_word' id='word_1_42' title='bbox 988 2145 1023 2182; x_wconf 89' lang='lat' dir='ltr'>aa</span> <span class='ocrx_word' id='word_1_43' title='bbox 1038 2126 1180 2202; x_wconf 89' lang='lat' dir='ltr'>postulat,</span> 
     </span>
     <span class='ocr_line' id='line_1_6' title="bbox 67 2225 1180 2302; baseline -0.001 -19"><span class='ocrx_word' id='word_1_44' title='bbox 67 2245 120 2284; x_wconf 94' lang='lat' dir='ltr'>non</span> <span class='ocrx_word' id='word_1_45' title='bbox 153 2227 253 2288; x_wconf 81' lang='lat' dir='ltr'>habet.</span> <span class='ocrx_word' id='word_1_46' title='bbox 314 2225 375 2284; x_wconf 88' lang='lat' dir='ltr'>Nec</span> <span class='ocrx_word' id='word_1_47' title='bbox 404 2226 568 2302; x_wconf 73' lang='lat' dir='ltr'>Sagaristio</span> <span class='ocrx_word' id='word_1_48' title='bbox 602 2228 727 2299; x_wconf 89' lang='lat' dir='ltr'>amicus,</span> <span class='ocrx_word' id='word_1_49' title='bbox 762 2229 885 2284; x_wconf 91' lang='lat' dir='ltr'>alterius</span> <span class='ocrx_word' id='word_1_50' title='bbox 917 2227 1036 2284; x_wconf 80' lang='lat' dir='ltr'>familiae</span> <span class='ocrx_word' id='word_1_51' title='bbox 1069 2247 1180 2300; x_wconf 81' lang='lat' dir='ltr'>servus,</span> 
     </span>
     <span class='ocr_line' id='line_1_7' title="bbox 67 2328 1182 2404; baseline 0.004 -20"><span class='ocrx_word' id='word_1_52' title='bbox 67 2331 145 2386; x_wconf 86' lang='lat' dir='ltr'>cuius</span> <span class='ocrx_word' id='word_1_53' title='bbox 168 2329 310 2387; x_wconf 83' lang='lat' dir='ltr'>auxilium</span> <span class='ocrx_word' id='word_1_54' title='bbox 332 2328 482 2404; x_wconf 86' lang='lat' dir='ltr'>implorat,</span> <span class='ocrx_word' id='word_1_55' title='bbox 507 2349 625 2387; x_wconf 91' lang='lat' dir='ltr'>nummo</span> <span class='ocrx_word' id='word_1_56' title='bbox 649 2329 739 2388; x_wconf 86' lang='lat' dir='ltr'>ditior</span> <span class='ocrx_word' id='word_1_57' title='bbox 762 2334 814 2387; x_wconf 86' lang='lat' dir='ltr'>est.</span> <span class='ocrx_word' id='word_1_58' title='bbox 871 2328 928 2388; x_wconf 87' lang='lat' dir='ltr'>Sed</span> <span class='ocrx_word' id='word_1_59' title='bbox 957 2329 1026 2387; x_wconf 92' lang='lat' dir='ltr'>dum</span> <span class='ocrx_word' id='word_1_60' title='bbox 1050 2334 1182 2388; x_wconf 87' lang='lat' dir='ltr'>amantes</span> 
     </span>
     <span class='ocr_line' id='line_1_8' title="bbox 66 2431 1182 2508; baseline 0.004 -22"><span class='ocrx_word' id='word_1_61' title='bbox 66 2433 197 2508; x_wconf 87' lang='lat' dir='ltr'>epistolis</span> <span class='ocrx_word' id='word_1_62' title='bbox 220 2434 300 2489; x_wconf 90' lang='lat' dir='ltr'>inter</span> <span class='ocrx_word' id='word_1_63' title='bbox 321 2453 352 2492; x_wconf 89' lang='lat' dir='ltr'>se</span> <span class='ocrx_word' id='word_1_64' title='bbox 375 2431 526 2492; x_wconf 84' lang='lat' dir='ltr'>mississe</span> <span class='ocrx_word' id='word_1_65' title='bbox 549 2434 579 2490; x_wconf 92' lang='lat' dir='ltr'>in</span> <span class='ocrx_word' id='word_1_66' title='bbox 602 2434 694 2490; x_wconf 87' lang='lat' dir='ltr'>vicem</span> <span class='ocrx_word' id='word_1_67' title='bbox 718 2432 865 2490; x_wconf 90' lang='lat' dir='ltr'>consolari</span> <span class='ocrx_word' id='word_1_68' title='bbox 889 2438 1048 2506; x_wconf 89' lang='lat' dir='ltr'>conantur,</span> <span class='ocrx_word' id='word_1_69' title='bbox 1079 2433 1182 2492; x_wconf 84' lang='lat' dir='ltr'>frauda</span> 
     </span>
     <span class='ocr_line' id='line_1_9' title="bbox 68 2534 1182 2612; baseline 0.003 -24"><span class='ocrx_word' id='word_1_70' title='bbox 68 2539 96 2590; x_wconf 89' lang='lat' dir='ltr'>et</span> <span class='ocrx_word' id='word_1_71' title='bbox 116 2535 240 2592; x_wconf 82' lang='lat' dir='ltr'>fallaciis</span> <span class='ocrx_word' id='word_1_72' title='bbox 263 2554 310 2592; x_wconf 89' lang='lat' dir='ltr'>res</span> <span class='ocrx_word' id='word_1_73' title='bbox 333 2534 370 2592; x_wconf 89' lang='lat' dir='ltr'>ad</span> <span class='ocrx_word' id='word_1_74' title='bbox 393 2535 503 2594; x_wconf 85' lang='lat' dir='ltr'>exitum</span> <span class='ocrx_word' id='word_1_75' title='bbox 525 2535 707 2612; x_wconf 75' lang='lat' dir='ltr'>perducitur.</span> <span class='ocrx_word' id='word_1_76' title='bbox 760 2535 956 2608; x_wconf 83' lang='lat' dir='ltr'>Sagaristioni</span> <span class='ocrx_word' id='word_1_77' title='bbox 979 2536 1056 2593; x_wconf 93' lang='lat' dir='ltr'>enim</span> <span class='ocrx_word' id='word_1_78' title='bbox 1079 2540 1182 2593; x_wconf 89' lang='lat' dir='ltr'>contra</span> 
     </span>
     <span class='ocr_line' id='line_1_10' title="bbox 68 2636 1180 2714; baseline 0.001 -20"><span class='ocrx_word' id='word_1_79' title='bbox 68 2639 232 2714; x_wconf 88' lang='lat' dir='ltr'>opinionem</span> <span class='ocrx_word' id='word_1_80' title='bbox 254 2637 405 2696; x_wconf 89' lang='lat' dir='ltr'>luculenta</span> <span class='ocrx_word' id='word_1_81' title='bbox 427 2638 542 2696; x_wconf 77' lang='lat' dir='ltr'>occasio</span> <span class='ocrx_word' id='word_1_82' title='bbox 565 2637 703 2709; x_wconf 85' lang='lat' dir='ltr'>offertur,</span> <span class='ocrx_word' id='word_1_83' title='bbox 732 2657 821 2712; x_wconf 88' lang='lat' dir='ltr'>quum</span> <span class='ocrx_word' id='word_1_84' title='bbox 846 2656 911 2694; x_wconf 89' lang='lat' dir='ltr'>eum</span> <span class='ocrx_word' id='word_1_85' title='bbox 933 2637 1022 2696; x_wconf 89' lang='lat' dir='ltr'>herus</span> <span class='ocrx_word' id='word_1_86' title='bbox 1044 2636 1082 2693; x_wconf 89' lang='lat' dir='ltr'>ed</span> <span class='ocrx_word' id='word_1_87' title='bbox 1104 2656 1180 2695; x_wconf 92' lang='lat' dir='ltr'>mer·</span> 
     </span>
     <span class='ocr_line' id='line_1_11' title="bbox 69 2740 1181 2816; baseline 0.001 -20"><span class='ocrx_word' id='word_1_88' title='bbox 69 2746 161 2797; x_wconf 88' lang='lat' dir='ltr'>catum</span> <span class='ocrx_word' id='word_1_89' title='bbox 184 2742 276 2798; x_wconf 84' lang='lat' dir='ltr'>mittit</span> <span class='ocrx_word' id='word_1_90' title='bbox 298 2745 332 2797; x_wconf 88' lang='lat' dir='ltr'>ut</span> <span class='ocrx_word' id='word_1_91' title='bbox 350 2740 437 2798; x_wconf 92' lang='lat' dir='ltr'>boves</span> <span class='ocrx_word' id='word_1_92' title='bbox 455 2744 544 2812; x_wconf 84' lang='lat' dir='ltr'>emat,</span> <span class='ocrx_word' id='word_1_93' title='bbox 567 2746 598 2798; x_wconf 88' lang='lat' dir='ltr'>et</span> <span class='ocrx_word' id='word_1_94' title='bbox 620 2740 656 2797; x_wconf 90' lang='lat' dir='ltr'>ad</span> <span class='ocrx_word' id='word_1_95' title='bbox 679 2759 742 2797; x_wconf 90' lang='lat' dir='ltr'>eam</span> <span class='ocrx_word' id='word_1_96' title='bbox 761 2759 823 2796; x_wconf 88' lang='lat' dir='ltr'>rem</span> <span class='ocrx_word' id='word_1_97' title='bbox 841 2745 962 2816; x_wconf 80' lang='lat' dir='ltr'>argento</span> <span class='ocrx_word' id='word_1_98' title='bbox 980 2745 1074 2797; x_wconf 85' lang='lat' dir='ltr'>ornat.</span> <span class='ocrx_word' id='word_1_99' title='bbox 1117 2740 1181 2810; x_wconf 81' lang='lat' dir='ltr'>Quo</span> 
     </span>
     <span class='ocr_line' id='line_1_12' title="bbox 69 2841 1182 2920; baseline 0.001 -23"><span class='ocrx_word' id='word_1_100' title='bbox 69 2848 188 2914; x_wconf 81' lang='lat' dir='ltr'>argento</span> <span class='ocrx_word' id='word_1_101' title='bbox 216 2847 375 2919; x_wconf 89' lang='lat' dir='ltr'>postquam</span> <span class='ocrx_word' id='word_1_102' title='bbox 397 2841 519 2900; x_wconf 89' lang='lat' dir='ltr'>Toxilus</span> <span class='ocrx_word' id='word_1_103' title='bbox 546 2843 675 2920; x_wconf 90' lang='lat' dir='ltr'>puellam</span> <span class='ocrx_word' id='word_1_104' title='bbox 705 2842 842 2913; x_wconf 86' lang='lat' dir='ltr'>redemit,</span> <span class='ocrx_word' id='word_1_105' title='bbox 877 2842 937 2899; x_wconf 90' lang='lat' dir='ltr'>alic</span> <span class='ocrx_word' id='word_1_106' title='bbox 967 2847 998 2898; x_wconf 89' lang='lat' dir='ltr'>et</span> <span class='ocrx_word' id='word_1_107' title='bbox 1028 2841 1182 2899; x_wconf 73' lang='lat' dir='ltr'>callidiore</span> 
     </span>
     <span class='ocr_line' id='line_1_13' title="bbox 69 2944 1181 3021; baseline 0.001 -22"><span class='ocrx_word' id='word_1_108' title='bbox 69 2946 184 3002; x_wconf 87' lang='lat' dir='ltr'>consilio</span> <span class='ocrx_word' id='word_1_109' title='bbox 206 2951 358 3021; x_wconf 81' lang='lat' dir='ltr'>argentum</span> <span class='ocrx_word' id='word_1_110' title='bbox 383 2944 574 3021; x_wconf 82' lang='lat' dir='ltr'>Sagaristioni</span> <span class='ocrx_word' id='word_1_111' title='bbox 603 2947 745 3003; x_wconf 79' lang='lat' dir='ltr'>restituit.</span> <span class='ocrx_word' id='word_1_112' title='bbox 801 2944 950 3002; x_wconf 87' lang='lat' dir='ltr'>Saturioni</span> <span class='ocrx_word' id='word_1_113' title='bbox 974 2947 1065 3016; x_wconf 89' lang='lat' dir='ltr'>enim,</span> <span class='ocrx_word' id='word_1_114' title='bbox 1093 2963 1181 3020; x_wconf 89' lang='lat' dir='ltr'>para-</span> 
     </span>
     <span class='ocr_line' id='line_1_14' title="bbox 69 3046 1183 3125; baseline 0.002 -23"><span class='ocrx_word' id='word_1_115' title='bbox 69 3048 122 3103; x_wconf 88' lang='lat' dir='ltr'>sito</span> <span class='ocrx_word' id='word_1_116' title='bbox 144 3068 207 3122; x_wconf 87' lang='lat' dir='ltr'>suc,</span> <span class='ocrx_word' id='word_1_117' title='bbox 230 3049 404 3125; x_wconf 81' lang='lat' dir='ltr'>persuadet,</span> <span class='ocrx_word' id='word_1_118' title='bbox 434 3054 468 3106; x_wconf 94' lang='lat' dir='ltr'>nt</span> <span class='ocrx_word' id='word_1_119' title='bbox 489 3047 578 3106; x_wconf 87' lang='lat' dir='ltr'>filiam</span> <span class='ocrx_word' id='word_1_120' title='bbox 602 3050 746 3121; x_wconf 79' lang='lat' dir='ltr'>virginem</span> <span class='ocrx_word' id='word_1_121' title='bbox 770 3048 854 3123; x_wconf 87' lang='lat' dir='ltr'>quasi</span> <span class='ocrx_word' id='word_1_122' title='bbox 876 3065 990 3104; x_wconf 85' lang='lat' dir='ltr'>servam</span> <span class='ocrx_word' id='word_1_123' title='bbox 1013 3066 1049 3103; x_wconf 86' lang='lat' dir='ltr'>ex</span> <span class='ocrx_word' id='word_1_124' title='bbox 1071 3046 1183 3105; x_wconf 84' lang='lat' dir='ltr'>Arabia</span> 
     </span>
     <span class='ocr_line' id='line_1_15' title="bbox 70 3149 1182 3225; baseline 0 -20"><span class='ocrx_word' id='word_1_125' title='bbox 70 3149 215 3209; x_wconf 85' lang='lat' dir='ltr'>advectam</span> <span class='ocrx_word' id='word_1_126' title='bbox 239 3152 312 3208; x_wconf 90' lang='lat' dir='ltr'>dicis</span> <span class='ocrx_word' id='word_1_127' title='bbox 335 3171 423 3210; x_wconf 89' lang='lat' dir='ltr'>causa</span> <span class='ocrx_word' id='word_1_128' title='bbox 444 3153 544 3210; x_wconf 90' lang='lat' dir='ltr'>lenoni</span> <span class='ocrx_word' id='word_1_129' title='bbox 566 3151 684 3208; x_wconf 86' lang='lat' dir='ltr'>vendat.</span> <span class='ocrx_word' id='word_1_130' title='bbox 741 3150 906 3223; x_wconf 80' lang='lat' dir='ltr'>Sagaristio</span> <span class='ocrx_word' id='word_1_131' title='bbox 935 3149 1032 3206; x_wconf 81' lang='lat' dir='ltr'>Persae</span> <span class='ocrx_word' id='word_1_132' title='bbox 1055 3167 1182 3225; x_wconf 85' lang='lat' dir='ltr'>persona</span> 
     </span>
     <span class='ocr_line' id='line_1_16' title="bbox 70 3233 1181 3332; baseline 0.002 -24"><span class='ocrx_word' id='word_1_133' title='bbox 70 3260 214 3332; x_wconf 86' lang='lat' dir='ltr'>assumpta</span> <span class='ocrx_word' id='word_1_134' title='bbox 241 3256 324 3331; x_wconf 88' lang='lat' dir='ltr'>quasi</span> <span class='ocrx_word' id='word_1_135' title='bbox 356 3253 392 3311; x_wconf 90' lang='lat' dir='ltr'>ab</span> <span class='ocrx_word' id='word_1_136' title='bbox 414 3255 485 3312; x_wconf 87' lang='lat' dir='ltr'>hero</span> <span class='ocrx_word' id='word_1_137' title='bbox 508 3233 604 3312; x_wconf 78' lang='lat' dir='ltr'>Toirili</span> <span class='ocrx_word' id='word_1_138' title='bbox 627 3256 732 3310; x_wconf 87' lang='lat' dir='ltr'>missus</span> <span class='ocrx_word' id='word_1_139' title='bbox 754 3254 899 3328; x_wconf 85' lang='lat' dir='ltr'>virginem</span> <span class='ocrx_word' id='word_1_140' title='bbox 922 3250 1059 3323; x_wconf 75' lang='lat' dir='ltr'>adducit,</span> <span class='ocrx_word' id='word_1_141' title='bbox 1094 3271 1181 3328; x_wconf 88' lang='lat' dir='ltr'>quam</span> 
     </span>
     <span class='ocr_line' id='line_1_17' title="bbox 70 3354 1179 3433; baseline 0.001 -22"><span class='ocrx_word' id='word_1_142' title='bbox 70 3354 131 3413; x_wconf 92' lang='lat' dir='ltr'>leno</span> <span class='ocrx_word' id='word_1_143' title='bbox 154 3359 305 3433; x_wconf 78' lang='lat' dir='ltr'>sexaginte</span> <span class='ocrx_word' id='word_1_144' title='bbox 327 3359 414 3415; x_wconf 92' lang='lat' dir='ltr'>minis</span> <span class='ocrx_word' id='word_1_145' title='bbox 437 3359 516 3414; x_wconf 85' lang='lat' dir='ltr'>emit.</span> <span class='ocrx_word' id='word_1_146' title='bbox 570 3357 633 3427; x_wconf 81' lang='lat' dir='ltr'>Quo</span> <span class='ocrx_word' id='word_1_147' title='bbox 656 3357 734 3414; x_wconf 87' lang='lat' dir='ltr'>facto</span> <span class='ocrx_word' id='word_1_148' title='bbox 757 3358 858 3412; x_wconf 90' lang='lat' dir='ltr'>statim</span> <span class='ocrx_word' id='word_1_149' title='bbox 881 3359 968 3431; x_wconf 88' lang='lat' dir='ltr'>pater</span> <span class='ocrx_word' id='word_1_150' title='bbox 992 3354 1076 3411; x_wconf 87' lang='lat' dir='ltr'>adast</span> <span class='ocrx_word' id='word_1_151' title='bbox 1099 3355 1179 3429; x_wconf 85' lang='lat' dir='ltr'>puel·</span> 
     </span>
     <span class='ocr_line' id='line_1_18' title="bbox 70 3457 1180 3536; baseline 0.004 -24"><span class='ocrx_word' id='word_1_152' title='bbox 70 3457 179 3536; x_wconf 90' lang='lat' dir='ltr'>lamque</span> <span class='ocrx_word' id='word_1_153' title='bbox 206 3463 236 3518; x_wconf 92' lang='lat' dir='ltr'>in</span> <span class='ocrx_word' id='word_1_154' title='bbox 265 3459 434 3518; x_wconf 87' lang='lat' dir='ltr'>libertatem</span> <span class='ocrx_word' id='word_1_155' title='bbox 457 3458 588 3519; x_wconf 80' lang='lat' dir='ltr'>vindicat</span> <span class='ocrx_word' id='word_1_156' title='bbox 615 3464 646 3515; x_wconf 90' lang='lat' dir='ltr'>et</span> <span class='ocrx_word' id='word_1_157' title='bbox 675 3460 808 3517; x_wconf 89' lang='lat' dir='ltr'>lenonem</span> <span class='ocrx_word' id='word_1_158' title='bbox 840 3457 876 3516; x_wconf 89' lang='lat' dir='ltr'>ad</span> <span class='ocrx_word' id='word_1_159' title='bbox 898 3462 1055 3533; x_wconf 68' lang='lat' dir='ltr'>praetorem</span> <span class='ocrx_word' id='word_1_160' title='bbox 1079 3457 1180 3516; x_wconf 86' lang='lat' dir='ltr'>trahit.</span> 
     </span>
     <span class='ocr_line' id='line_1_19' title="bbox 71 3559 1182 3639; baseline 0.002 -23"><span class='ocrx_word' id='word_1_161' title='bbox 71 3559 183 3620; x_wconf 87' lang='lat' dir='ltr'>Toxilus</span> <span class='ocrx_word' id='word_1_162' title='bbox 212 3583 277 3621; x_wconf 90' lang='lat' dir='ltr'>cum</span> <span class='ocrx_word' id='word_1_163' title='bbox 305 3565 414 3622; x_wconf 86' lang='lat' dir='ltr'>liberte</span> <span class='ocrx_word' id='word_1_164' title='bbox 442 3570 472 3621; x_wconf 89' lang='lat' dir='ltr'>et</span> <span class='ocrx_word' id='word_1_165' title='bbox 500 3563 700 3639; x_wconf 81' lang='lat' dir='ltr'>Sagaristione</span> <span class='ocrx_word' id='word_1_166' title='bbox 732 3561 897 3619; x_wconf 86' lang='lat' dir='ltr'>convivium</span> <span class='ocrx_word' id='word_1_167' title='bbox 931 3561 1071 3618; x_wconf 90' lang='lat' dir='ltr'>institnit.</span> <span class='ocrx_word' id='word_1_168' title='bbox 1128 3559 1182 3618; x_wconf 85' lang='lat' dir='ltr'>Cui</span> 
     </span>
     <span class='ocr_line' id='line_1_20' title="bbox 70 3661 1180 3736; baseline 0.001 -17"><span class='ocrx_word' id='word_1_169' title='bbox 70 3682 153 3736; x_wconf 93' lang='lat' dir='ltr'>quum</span> <span class='ocrx_word' id='word_1_170' title='bbox 185 3685 254 3724; x_wconf 85' lang='lat' dir='ltr'>casu</span> <span class='ocrx_word' id='word_1_171' title='bbox 282 3669 442 3725; x_wconf 89' lang='lat' dir='ltr'>intervenit</span> <span class='ocrx_word' id='word_1_172' title='bbox 472 3665 621 3724; x_wconf 85' lang='lat' dir='ltr'>Dordalus</span> <span class='ocrx_word' id='word_1_173' title='bbox 649 3664 785 3722; x_wconf 88' lang='lat' dir='ltr'>damnum</span> <span class='ocrx_word' id='word_1_174' title='bbox 815 3681 900 3720; x_wconf 86' lang='lat' dir='ltr'>suum</span> <span class='ocrx_word' id='word_1_175' title='bbox 933 3663 1097 3720; x_wconf 87' lang='lat' dir='ltr'>miserrime</span> <span class='ocrx_word' id='word_1_176' title='bbox 1131 3661 1180 3720; x_wconf 90' lang='lat' dir='ltr'>de-</span> 
     </span>
     <span class='ocr_line' id='line_1_21' title="bbox 72 3766 729 3844; baseline 0.008 -24"><span class='ocrx_word' id='word_1_177' title='bbox 72 3766 193 3841; x_wconf 80' lang='lat' dir='ltr'>plorans.</span> <span class='ocrx_word' id='word_1_178' title='bbox 217 3789 235 3826; x_wconf 91' lang='lat' dir='ltr'>a</span> <span class='ocrx_word' id='word_1_179' title='bbox 256 3769 349 3828; x_wconf 86' lang='lat' dir='ltr'>servis</span> <span class='ocrx_word' id='word_1_180' title='bbox 370 3767 559 3844; x_wconf 89' lang='lat' dir='ltr'>impudenter</span> <span class='ocrx_word' id='word_1_181' title='bbox 579 3767 729 3825; x_wconf 87' lang='lat' dir='ltr'>illuditur.</span> 
     </span>
    </p>

    <p class='ocr_par' dir='ltr' id='par_1_2' title="bbox 74 3869 1182 4465">
     <span class='ocr_line' id='line_1_22' title="bbox 151 3869 1181 3948; baseline -0.005 -20"><span class='ocrx_word' id='word_1_182' title='bbox 151 3873 243 3930; x_wconf 91' lang='lat' dir='ltr'>Huius</span> <span class='ocrx_word' id='word_1_183' title='bbox 266 3871 372 3930; x_wconf 79' lang='lat' dir='ltr'>fabulae</span> <span class='ocrx_word' id='word_1_184' title='bbox 394 3874 551 3948; x_wconf 76' lang='lat' dir='ltr'>pracipuae</span> <span class='ocrx_word' id='word_1_185' title='bbox 573 3889 707 3945; x_wconf 75' lang='lat' dir='ltr'>personae</span> <span class='ocrx_word' id='word_1_186' title='bbox 730 3869 807 3926; x_wconf 83' lang='lat' dir='ltr'>servi</span> <span class='ocrx_word' id='word_1_187' title='bbox 829 3872 913 3938; x_wconf 91' lang='lat' dir='ltr'>sunt,</span> <span class='ocrx_word' id='word_1_188' title='bbox 937 3886 1062 3942; x_wconf 90' lang='lat' dir='ltr'>quorum</span> <span class='ocrx_word' id='word_1_189' title='bbox 1086 3887 1181 3924; x_wconf 88' lang='lat' dir='ltr'>mores</span> 
     </span>
     <span class='ocr_line' id='line_1_23' title="bbox 74 3949 1180 4051; baseline -0.003 -22"><span class='ocrx_word' id='word_1_190' title='bbox 74 3991 155 4046; x_wconf 90' lang='lat' dir='ltr'>quum</span> <span class='ocrx_word' id='word_1_191' title='bbox 171 3975 284 4051; x_wconf 88' lang='lat' dir='ltr'>optime</span> <span class='ocrx_word' id='word_1_192' title='bbox 303 3974 503 4049; x_wconf 83' lang='lat' dir='ltr'>depingantur</span> <span class='ocrx_word' id='word_1_193' title='bbox 519 3949 550 4030; x_wconf 78' lang='lat' dir='ltr'>et</span> <span class='ocrx_word' id='word_1_194' title='bbox 565 3975 662 4030; x_wconf 89' lang='lat' dir='ltr'>omnia</span> <span class='ocrx_word' id='word_1_195' title='bbox 674 3991 738 4028; x_wconf 94' lang='lat' dir='ltr'>cum</span> <span class='ocrx_word' id='word_1_196' title='bbox 752 3991 865 4028; x_wconf 86' lang='lat' dir='ltr'>summa</span> <span class='ocrx_word' id='word_1_197' title='bbox 876 3971 1029 4027; x_wconf 82' lang='lat' dir='ltr'>hilaritate</span> <span class='ocrx_word' id='word_1_198' title='bbox 1046 3976 1180 4045; x_wconf 82' lang='lat' dir='ltr'>agantur,</span> 
     </span>
     <span class='ocr_line' id='line_1_24' title="bbox 74 4074 1181 4152; baseline 0 -24"><span class='ocrx_word' id='word_1_199' title='bbox 74 4074 106 4130; x_wconf 90' lang='lat' dir='ltr'>ad</span> <span class='ocrx_word' id='word_1_200' title='bbox 128 4078 215 4134; x_wconf 86' lang='lat' dir='ltr'>risum</span> <span class='ocrx_word' id='word_1_201' title='bbox 239 4076 414 4134; x_wconf 87' lang='lat' dir='ltr'>movendum</span> <span class='ocrx_word' id='word_1_202' title='bbox 439 4079 592 4152; x_wconf 88' lang='lat' dir='ltr'>aptissima</span> <span class='ocrx_word' id='word_1_203' title='bbox 615 4081 668 4132; x_wconf 87' lang='lat' dir='ltr'>est.</span> <span class='ocrx_word' id='word_1_204' title='bbox 724 4074 782 4132; x_wconf 88' lang='lat' dir='ltr'>Sed</span> <span class='ocrx_word' id='word_1_205' title='bbox 804 4080 838 4130; x_wconf 86' lang='lat' dir='ltr'>ut</span> <span class='ocrx_word' id='word_1_206' title='bbox 860 4077 1062 4148; x_wconf 80' lang='lat' dir='ltr'>argumentum</span> <span class='ocrx_word' id='word_1_207' title='bbox 1086 4074 1181 4148; x_wconf 86' lang='lat' dir='ltr'>ipsum</span> 
     </span>
     <span class='ocr_line' id='line_1_25' title="bbox 75 4177 1182 4252; baseline 0.002 -22"><span class='ocrx_word' id='word_1_208' title='bbox 75 4177 142 4234; x_wconf 85' lang='lat' dir='ltr'>exile</span> <span class='ocrx_word' id='word_1_209' title='bbox 154 4186 182 4235; x_wconf 91' lang='lat' dir='ltr'>et</span> <span class='ocrx_word' id='word_1_210' title='bbox 193 4180 321 4237; x_wconf 88' lang='lat' dir='ltr'>solutum</span> <span class='ocrx_word' id='word_1_211' title='bbox 335 4186 388 4250; x_wconf 86' lang='lat' dir='ltr'>est,</span> <span class='ocrx_word' id='word_1_212' title='bbox 407 4181 449 4234; x_wconf 86' lang='lat' dir='ltr'>ita</span> <span class='ocrx_word' id='word_1_213' title='bbox 460 4181 581 4236; x_wconf 90' lang='lat' dir='ltr'>minime</span> <span class='ocrx_word' id='word_1_214' title='bbox 594 4177 747 4252; x_wconf 79' lang='lat' dir='ltr'>aequaliter</span> <span class='ocrx_word' id='word_1_215' title='bbox 767 4177 940 4252; x_wconf 87' lang='lat' dir='ltr'>explicatur,</span> <span class='ocrx_word' id='word_1_216' title='bbox 959 4180 989 4231; x_wconf 88' lang='lat' dir='ltr'>et</span> <span class='ocrx_word' id='word_1_217' title='bbox 1001 4194 1182 4252; x_wconf 73' lang='lat' dir='ltr'>quaecunque</span> 
     </span>
     <span class='ocr_line' id='line_1_26' title="bbox 76 4278 1180 4355; baseline 0.001 -22"><span class='ocrx_word' id='word_1_218' title='bbox 76 4297 126 4336; x_wconf 94' lang='lat' dir='ltr'>non</span> <span class='ocrx_word' id='word_1_219' title='bbox 152 4287 211 4339; x_wconf 87' lang='lat' dir='ltr'>tam</span> <span class='ocrx_word' id='word_1_220' title='bbox 242 4282 278 4339; x_wconf 88' lang='lat' dir='ltr'>ad</span> <span class='ocrx_word' id='word_1_221' title='bbox 308 4283 398 4338; x_wconf 87' lang='lat' dir='ltr'>risum</span> <span class='ocrx_word' id='word_1_222' title='bbox 428 4281 600 4338; x_wconf 86' lang='lat' dir='ltr'>movendum</span> <span class='ocrx_word' id='word_1_223' title='bbox 629 4281 782 4355; x_wconf 88' lang='lat' dir='ltr'>pertinent</span> <span class='ocrx_word' id='word_1_224' title='bbox 804 4297 890 4355; x_wconf 90' lang='lat' dir='ltr'>quam</span> <span class='ocrx_word' id='word_1_225' title='bbox 914 4278 951 4334; x_wconf 91' lang='lat' dir='ltr'>ad</span> <span class='ocrx_word' id='word_1_226' title='bbox 975 4285 1180 4352; x_wconf 80' lang='lat' dir='ltr'>argumentum</span> 
     </span>
     <span class='ocr_line' id='line_1_27' title="bbox 76 4381 1181 4465; baseline -0.002 -27"><span class='ocrx_word' id='word_1_227' title='bbox 76 4383 278 4458; x_wconf 75' lang='lat' dir='ltr'>explicandum,</span> <span class='ocrx_word' id='word_1_228' title='bbox 302 4385 668 4465; x_wconf 23' lang='lat' dir='ltr'>breviana-tractantur.</span> <span class='ocrx_word' id='word_1_229' title='bbox 714 4383 779 4438; x_wconf 89' lang='lat' dir='ltr'>lloc</span> <span class='ocrx_word' id='word_1_230' title='bbox 802 4387 833 4437; x_wconf 88' lang='lat' dir='ltr'>et&#39;</span> <span class='ocrx_word' id='word_1_231' title='bbox 853 4383 883 4437; x_wconf 92' lang='lat' dir='ltr'>in</span> <span class='ocrx_word' id='word_1_232' title='bbox 906 4381 1052 4456; x_wconf 90' lang='lat' dir='ltr'>principio</span> <span class='ocrx_word' id='word_1_233' title='bbox 1075 4381 1181 4436; x_wconf 78' lang='lat' dir='ltr'>fabulae</span> 
     </span>
    </p>
   </div>
   <div class='ocr_carea' id='block_1_2' title="bbox 0 0 1462 5004">
    <p class='ocr_par' dir='ltr' id='par_1_3' title="bbox 0 0 1462 5004">
     <span class='ocr_line' id='line_1_28' title="bbox 0 0 1462 5004; baseline 0 0"><span class='ocrx_word' id='word_1_234' title='bbox 0 0 1462 5004; x_wconf 95' lang='lat' dir='ltr'> </span> 
     </span>
    </p>
   </div>
  </div>
 </body>
</html>
