3002 5000
812 450 906 505 mauu
1181 446 1230 516 Ν,
1248 450 1271 516 e,
1290 450 1409 516 'tc-ue

781 640 944 704 Toxilus

453 754 567 833 Aequa
590 751 680 818 dicia.
727 748 790 814 Sed
813 755 957 833 optume,
981 767 1104 826 eccum,
1126 748 1195 830 ipse
1219 746 1353 812 aduenit
1369 765 1413 816 ulo
1482 779 1483 808 ;

301 861 427 945 Hospes
449 860 515 940 ille,
539 860 596 941 qui
619 858 678 923 hae
701 857 842 922 tabellas
865 857 987 922 attulit.

760 999 966 1064 Dordalus

1021 1108 1137 1173 Hicine
1161 1108 1232 1172 est?

780 1216 953 1281 Tomtlue

1278 1299 1340 1366 Hic
1360 1307 1412 1366 est.

762 1411 966 1476 Dordalus

214 1608 216 1612 ι
303 1519 445 1587 Haecine
468 1521 526 1586 illa
549 1528 600 1586 est
622 1521 749 1587 furtiua
771 1520 887 1602 uirgo?

783 1663 950 1726 Tomitas

930 1770 1026 1835 quta
1047 1775 1156 1835 tecum
1179 1790 1284 1853 acque
1308 1771 1381 1848 ecio,

300 1879 371 1945 Nisi
394 1882 471 1963 quia
493 1882 601 1963 specie
624 1881 756 1965 quidem
781 1878 896 1963 edepol
920 1877 1048 1944 liberali
1072 1886 1131 1956 eet,
1154 1878 1305 1962 quiaquia
1327 1883 1382 1943 eet.

762 2020 969 2088 Dordalus
984 1995 987 2003 Ι

303 2130 362 2197 Sat
384 2131 501 2216 edepol
524 2133 683 2197 concinna
706 2135 757 2197 eet
777 2130 870 2196 facie.
1480 2128 1481 2210 l

781 2273 945 2337 Toxilus

885 2381 926 2447 Ut
949 2381 1160 2462 contemptim
1184 2379 1353 2444 carnufex!
1479 2365 1480 2408 ³

302 2490 411 2556 Taciti
435 2489 694 2572 contemplemur
717 2489 864 2554 sormam.
1473 2454 1479 2542 l

760 2631 964 2696 Dordalus
1476 2700 1477 2727 ¹

899 2738 1012 2804 Laudo
1035 2738 1206 2804 consilium
1229 2745 1331 2804 tuum.
1371 2755 1414 2808 545
1474 2784 1478 2841 3

351 3064 631 3131 cucuniano
681 3062 829 3130 uinco
874 3062 1082 3130 noxiuus
1124 3063 1380 3133 nonninus

1474 3173 1475 3260 l

741 3236 791 3302 So
829 3237 978 3302 curiatio

302 3345 394 3411 Satin
416 3345 565 3412 Athenae
588 3346 648 3410 tibi
670 3350 746 3411 aaut
766 3259 859 3412 uideo
882 3345 1069 3410 fortunatae
1093 3352 1192 3430 atque
1217 3347 1392 3430 opiperael
1473 3269 1474 3356 i

805 3486 836 3553 U
840 3489 876 3552 ir
881 3507 927 3569 po

301 3596 401 3663 Urbis
424 3598 566 3680 speciem
589 3596 668 3675 uidi,
691 3593 859 3662 hominum
882 3617 989 3662 mores
1011 3597 1162 3681 perspexi
1185 3617 1310 3682 parum.

780 3739 950 3805 Toxilus

300 3847 385 3912 Num
410 3848 489 3932 quid
512 3849 672 3932 principio
696 3850 839 3913 cessauit
861 3849 998 3914 uerbum
1022 3837 1118 3915 docte
1140 3848 1273 3916 dicere?

385 4087 595 4154 alemunia,
614 4087 721 4142 addunt
740 4087 762 4142 0
845 4088 893 4140 541
912 4087 1023 4142 hiccine
1042 4087 1095 4143 Bo
1179 4091 1230 4143 542
1249 4087 1353 4142 Hocine
1370 4083 1415 4140 ΒΟ

386 4175 445 4228 ecio
463 4191 533 4243 eque
551 4173 578 4228 B
654 4175 706 4228 543
724 4173 772 4242 qui
791 4173 885 4242 aspexi
904 4174 1031 4242 equidem
1051 4174 1073 4229 O
1145 4175 1284 4230 liberaliet
1302 4175 1332 4242 B,
1351 4173 1411 4227 libe·

302 4259 439 4315 reliestO
496 4277 524 4314 aa
595 4262 645 4314 544
663 4260 814 4314 concinnae
833 4258 903 4313 facie
965 4261 1015 4313 546
1033 4266 1099 4314 aunt
1115 4277 1166 4316 om.
1230 4261 1281 4316 547
1298 4259 1410 4329 epeclem

395 4346 526 4414 prospexi
601 4347 651 4400 647
669 4344 810 4413 Numquid
827 4344 857 4398 in
875 4343 1015 4416 principio
