<?xml version="1.0" encoding="UTF-8"?>
<!DOCTYPE html PUBLIC "-//W3C//DTD XHTML 1.0 Transitional//EN"
    "http://www.w3.org/TR/xhtml1/DTD/xhtml1-transitional.dtd">
<html xmlns="http://www.w3.org/1999/xhtml" xml:lang="en" lang="en">
 <head>
  <title>
</title>
<meta http-equiv="Content-Type" content="text/html;charset=utf-8" />
  <meta name='ocr-system' content='tesseract 3.04.00' />
  <meta name='ocr-capabilities' content='ocr_page ocr_carea ocr_par ocr_line ocrx_word'/>
</head>
<body>
  <div class='ocr_page' id='page_1' title='image "./tmacciiplautico04ussigoog_0514.png"; bbox 0 0 2920 4998; ppageno 0'>
   <div class='ocr_carea' id='block_1_1' title="bbox 524 487 1199 557">
    <p class='ocr_par' dir='ltr' id='par_1_1' title="bbox 524 487 1199 557">
     <span class='ocr_line' id='line_1_1' title="bbox 524 487 1199 557; baseline 0.009 -19"><span class='ocrx_word' id='word_1_1' title='bbox 524 487 556 538; x_wconf 88' lang='lat' dir='ltr'><strong>v.</strong></span> <span class='ocrx_word' id='word_1_2' title='bbox 578 489 751 544; x_wconf 78' lang='lat' dir='ltr'><strong>iaco-ura.</strong></span> <span class='ocrx_word' id='word_1_3' title='bbox 1137 495 1199 557; x_wconf 81' lang='lat'><strong>505</strong></span> 
     </span>
    </p>
   </div>
   <div class='ocr_carea' id='block_1_2' title="bbox 74 681 1201 1066">
    <p class='ocr_par' dir='ltr' id='par_1_2' title="bbox 74 681 1201 1066">
     <span class='ocr_line' id='line_1_2' title="bbox 77 681 1201 764; baseline 0.004 -25"><span class='ocrx_word' id='word_1_4' title='bbox 77 702 150 740; x_wconf 88' lang='lat' dir='ltr'><strong>narn</strong></span> <span class='ocrx_word' id='word_1_5' title='bbox 173 687 206 740; x_wconf 90' lang='lat' dir='ltr'><strong>nt</strong></span> <span class='ocrx_word' id='word_1_6' title='bbox 229 684 273 740; x_wconf 90' lang='lat' dir='ltr'><strong>ait</strong></span> <span class='ocrx_word' id='word_1_7' title='bbox 294 701 322 759; x_wconf 91' lang='lat' dir='ltr'><strong>p.</strong></span> <span class='ocrx_word' id='word_1_8' title='bbox 348 681 401 739; x_wconf 77' lang='lat'><strong>62:</strong></span> <span class='ocrx_word' id='word_1_9' title='bbox 438 682 512 756; x_wconf 88' lang='lat' dir='ltr'><strong>„hoc</strong></span> <span class='ocrx_word' id='word_1_10' title='bbox 534 682 598 740; x_wconf 89' lang='lat' dir='ltr'><strong>vult</strong></span> <span class='ocrx_word' id='word_1_11' title='bbox 621 681 789 742; x_wconf 84' lang='lat' dir='ltr'><strong>Daemones:</strong></span> <span class='ocrx_word' id='word_1_12' title='bbox 817 689 978 763; x_wconf 88' lang='lat' dir='ltr'><strong>propterea</strong></span> <span class='ocrx_word' id='word_1_13' title='bbox 1008 704 1086 764; x_wconf 77' lang='lat' dir='ltr'><strong>saepo</strong></span> <span class='ocrx_word' id='word_1_14' title='bbox 1108 686 1201 745; x_wconf 87' lang='lat' dir='ltr'><strong>malos</strong></span> 
     </span>
     <span class='ocr_line' id='line_1_3' title="bbox 75 783 1201 863; baseline 0.004 -19"><span class='ocrx_word' id='word_1_15' title='bbox 75 786 221 844; x_wconf 86' lang='lat' dir='ltr'><strong>habemus</strong></span> <span class='ocrx_word' id='word_1_16' title='bbox 249 802 363 858; x_wconf 88' lang='lat' dir='ltr'><strong>servos,</strong></span> <span class='ocrx_word' id='word_1_17' title='bbox 398 783 477 860; x_wconf 90' lang='lat' dir='ltr'><strong>quod</strong></span> <span class='ocrx_word' id='word_1_18' title='bbox 505 785 562 862; x_wconf 88' lang='lat' dir='ltr'><strong>ipsi</strong></span> <span class='ocrx_word' id='word_1_19' title='bbox 590 804 691 843; x_wconf 86' lang='lat' dir='ltr'><strong>eorum</strong></span> <span class='ocrx_word' id='word_1_20' title='bbox 720 787 813 863; x_wconf 76' lang='lat' dir='ltr'><strong>culpas</strong></span> <span class='ocrx_word' id='word_1_21' title='bbox 841 786 943 848; x_wconf 81' lang='lat' dir='ltr'><strong>affines</strong></span> <span class='ocrx_word' id='word_1_22' title='bbox 970 785 1101 848; x_wconf 84' lang='lat' dir='ltr'><strong>sumus“.</strong></span> <span class='ocrx_word' id='word_1_23' title='bbox 1146 789 1201 848; x_wconf 88' lang='lat' dir='ltr'><strong>Re·</strong></span> 
     </span>
     <span class='ocr_line' id='line_1_4' title="bbox 75 885 1200 966; baseline 0.005 -21"><span class='ocrx_word' id='word_1_24' title='bbox 75 889 186 966; x_wconf 88' lang='lat' dir='ltr'><strong>quirit:</strong></span> <span class='ocrx_word' id='word_1_25' title='bbox 221 885 314 960; x_wconf 83' lang='lat' dir='ltr'><strong>„Nam</strong></span> <span class='ocrx_word' id='word_1_26' title='bbox 336 887 405 945; x_wconf 90' lang='lat' dir='ltr'><strong>illoc</strong></span> <span class='ocrx_word' id='word_1_27' title='bbox 427 907 491 945; x_wconf 89' lang='lat' dir='ltr'><strong>cum</strong></span> <span class='ocrx_word' id='word_1_28' title='bbox 514 906 601 946; x_wconf 86' lang='lat' dir='ltr'><strong>seruo</strong></span> <span class='ocrx_word' id='word_1_29' title='bbox 623 889 647 944; x_wconf 90' lang='lat' dir='ltr'><strong>si</strong></span> <span class='ocrx_word' id='word_1_30' title='bbox 670 890 736 964; x_wconf 90' lang='lat' dir='ltr'><strong>quis</strong></span> <span class='ocrx_word' id='word_1_31' title='bbox 759 907 933 965; x_wconf 84' lang='lat' dir='ltr'><strong>congressus</strong></span> <span class='ocrx_word' id='word_1_32' title='bbox 954 888 1063 950; x_wconf 86' lang='lat' dir='ltr'><strong>foret“.</strong></span> <span class='ocrx_word' id='word_1_33' title='bbox 1107 892 1200 951; x_wconf 87' lang='lat' dir='ltr'><strong>Immo</strong></span> 
     </span>
     <span class='ocr_line' id='line_1_5' title="bbox 74 969 1004 1066; baseline 0.006 -17"><span class='ocrx_word' id='word_1_34' title='bbox 74 995 181 1066; x_wconf 85' lang='lat' dir='ltr'><strong>potine</strong></span> <span class='ocrx_word' id='word_1_35' title='bbox 198 969 270 1050; x_wconf 73' lang='lat' dir='ltr'><strong>&#39;iate</strong></span> <span class='ocrx_word' id='word_1_36' title='bbox 292 1003 362 1048; x_wconf 82' lang='lat' dir='ltr'><strong>cam</strong></span> <span class='ocrx_word' id='word_1_37' title='bbox 383 1002 481 1048; x_wconf 80' lang='lat' dir='ltr'><strong>auaro</strong></span> <span class='ocrx_word' id='word_1_38' title='bbox 504 985 535 1048; x_wconf 85' lang='lat' dir='ltr'><strong>si</strong></span> <span class='ocrx_word' id='word_1_39' title='bbox 557 1004 626 1066; x_wconf 81' lang='lat' dir='ltr'><strong>quo.</strong></span> <span class='ocrx_word' id='word_1_40' title='bbox 650 1021 693 1030; x_wconf 96' lang='lat'><em>-</em></span> <span class='ocrx_word' id='word_1_41' title='bbox 719 993 809 1050; x_wconf 82' lang='grc'>1247.</span> <span class='ocrx_word' id='word_1_42' title='bbox 833 983 915 1063; x_wconf 74' lang='lat' dir='ltr'><strong>furti</strong></span> <span class='ocrx_word' id='word_1_43' title='bbox 936 992 1004 1055; x_wconf 87' lang='lat' dir='ltr'><strong>edd.</strong></span> 
     </span>
    </p>
   </div>
   <div class='ocr_carea' id='block_1_3' title="bbox 540 1176 742 1185">
    <p class='ocr_par' dir='ltr' id='par_1_3' title="bbox 540 1176 742 1185">
     <span class='ocr_line' id='line_1_6' title="bbox 540 1176 742 1185; baseline 0.015 -3"><span class='ocrx_word' id='word_1_44' title='bbox 540 1176 742 1185; x_wconf 75' lang='lat'><em>——.——</em></span> 
     </span>
    </p>
   </div>
   <div class='ocr_carea' id='block_1_4' title="bbox 72 1299 1201 3223">
    <p class='ocr_par' dir='ltr' id='par_1_4' title="bbox 72 1299 1201 3223">
     <span class='ocr_line' id='line_1_7' title="bbox 168 1299 1201 1377; baseline 0.005 -21"><span class='ocrx_word' id='word_1_45' title='bbox 168 1300 247 1358; x_wconf 90' lang='grc'>1252</span> <span class='ocrx_word' id='word_1_46' title='bbox 276 1319 341 1376; x_wconf 90' lang='lat' dir='ltr'><strong>sqq.</strong></span> <span class='ocrx_word' id='word_1_47' title='bbox 369 1299 512 1357; x_wconf 76' lang='lat' dir='ltr'><strong>trochaici</strong></span> <span class='ocrx_word' id='word_1_48' title='bbox 542 1301 711 1377; x_wconf 78' lang='lat' dir='ltr'><strong>septenarii.</strong></span> <span class='ocrx_word' id='word_1_49' title='bbox 755 1299 885 1359; x_wconf 77' lang='lat' dir='ltr'><strong>Advenit</strong></span> <span class='ocrx_word' id='word_1_50' title='bbox 915 1321 980 1360; x_wconf 91' lang='lat' dir='ltr'><strong>cum</strong></span> <span class='ocrx_word' id='word_1_51' title='bbox 1008 1301 1201 1362; x_wconf 89' lang='lat' dir='ltr'><strong>Trachalione</strong></span> 
     </span>
     <span class='ocr_line' id='line_1_8' title="bbox 72 1383 1200 1482; baseline 0.005 -24"><span class='ocrx_word' id='word_1_52' title='bbox 72 1400 270 1478; x_wconf 84' lang='lat' dir='ltr'><strong>Plesidippus</strong></span> <span class='ocrx_word' id='word_1_53' title='bbox 304 1401 413 1478; x_wconf 85' lang='lat' dir='ltr'><strong>gaudio</strong></span> <span class='ocrx_word' id='word_1_54' title='bbox 446 1383 604 1460; x_wconf 65' lang='lat' dir='ltr'><strong>adsultans.</strong></span> <span class='ocrx_word' id='word_1_55' title='bbox 661 1402 810 1480; x_wconf 90' lang='lat' dir='ltr'><strong>Principio</strong></span> <span class='ocrx_word' id='word_1_56' title='bbox 839 1403 948 1462; x_wconf 78' lang='lat' dir='ltr'><strong>similia</strong></span> <span class='ocrx_word' id='word_1_57' title='bbox 976 1410 1045 1463; x_wconf 85' lang='lat' dir='ltr'><strong>sunt</strong></span> <span class='ocrx_word' id='word_1_58' title='bbox 1072 1425 1136 1482; x_wconf 80' lang='lat' dir='ltr'><strong>quae</strong></span> <span class='ocrx_word' id='word_1_59' title='bbox 1164 1425 1200 1464; x_wconf 87' lang='lat' dir='ltr'><strong>ex</strong></span> 
     </span>
     <span class='ocr_line' id='line_1_9' title="bbox 72 1503 1199 1580; baseline 0.004 -19"><span class='ocrx_word' id='word_1_60' title='bbox 72 1504 174 1562; x_wconf 79' lang='lat' dir='ltr'><strong>Iliona</strong></span> <span class='ocrx_word' id='word_1_61' title='bbox 202 1505 357 1577; x_wconf 71' lang='lat' dir='ltr'><strong>tragoedia</strong></span> <span class='ocrx_word' id='word_1_62' title='bbox 386 1503 488 1563; x_wconf 83' lang='lat' dir='ltr'><strong>Cicero</strong></span> <span class='ocrx_word' id='word_1_63' title='bbox 516 1504 674 1580; x_wconf 80' lang='lat' dir='ltr'><strong>aliquoties</strong></span> <span class='ocrx_word' id='word_1_64' title='bbox 698 1505 799 1576; x_wconf 88' lang='lat' dir='ltr'><strong>affert,</strong></span> <span class='ocrx_word' id='word_1_65' title='bbox 830 1526 857 1564; x_wconf 85' lang='lat' dir='ltr'><strong>v.</strong></span> <span class='ocrx_word' id='word_1_66' title='bbox 882 1505 966 1564; x_wconf 90' lang='lat' dir='ltr'><strong>Ribb.</strong></span> <span class='ocrx_word' id='word_1_67' title='bbox 990 1507 1098 1568; x_wconf 85' lang='lat' dir='ltr'><strong>Pacuv.</strong></span> <span class='ocrx_word' id='word_1_68' title='bbox 1122 1511 1199 1568; x_wconf 80' lang='lat'>202:</span> 
     </span>
     <span class='ocr_line' id='line_1_10' title="bbox 77 1603 1197 1683; baseline 0.006 -20"><span class='ocrx_word' id='word_1_69' title='bbox 77 1610 176 1680; x_wconf 83' lang='lat' dir='ltr'><strong>„itera</strong></span> <span class='ocrx_word' id='word_1_70' title='bbox 199 1606 269 1665; x_wconf 90' lang='lat' dir='ltr'><strong>dum</strong></span> <span class='ocrx_word' id='word_1_71' title='bbox 292 1605 393 1664; x_wconf 85' lang='lat' dir='ltr'><strong>eadem</strong></span> <span class='ocrx_word' id='word_1_72' title='bbox 418 1607 508 1664; x_wconf 88' lang='lat' dir='ltr'><strong>istaec</strong></span> <span class='ocrx_word' id='word_1_73' title='bbox 531 1603 632 1666; x_wconf 85' lang='lat' dir='ltr'><strong>mihi“.</strong></span> <span class='ocrx_word' id='word_1_74' title='bbox 655 1637 697 1646; x_wconf 96' lang='lat'><em>-</em></span> <span class='ocrx_word' id='word_1_75' title='bbox 731 1609 820 1666; x_wconf 93' lang='grc'>1255.</span> <span class='ocrx_word' id='word_1_76' title='bbox 856 1604 951 1683; x_wconf 76' lang='lat' dir='ltr'><strong>opino</strong></span> <span class='ocrx_word' id='word_1_77' title='bbox 980 1608 1041 1683; x_wconf 72' lang='lat' dir='ltr'><strong>ut,</strong></span> <span class='ocrx_word' id='word_1_78' title='bbox 1070 1609 1106 1668; x_wconf 90' lang='lat' dir='ltr'><strong>cl.</strong></span> <span class='ocrx_word' id='word_1_79' title='bbox 1126 1612 1197 1670; x_wconf 87' lang='grc'>966.</span> 
     </span>
     <span class='ocr_line' id='line_1_11' title="bbox 72 1701 1198 1783; baseline 0.001 -15"><span class='ocrx_word' id='word_1_80' title='bbox 72 1740 121 1750; x_wconf 94' lang='grc'>-</span> <span class='ocrx_word' id='word_1_81' title='bbox 153 1711 242 1768; x_wconf 90' lang='grc'>1256.</span> <span class='ocrx_word' id='word_1_82' title='bbox 282 1701 427 1770; x_wconf 72' lang='lat' dir='ltr'><strong>Omsen?</strong></span> <span class='ocrx_word' id='word_1_83' title='bbox 455 1701 680 1783; x_wconf 78' lang='lat' dir='ltr'><strong>despondebit?</strong></span> <span class='ocrx_word' id='word_1_84' title='bbox 706 1712 725 1768; x_wconf 87' lang='lat' dir='ltr'><strong>i.</strong></span> <span class='ocrx_word' id='word_1_85' title='bbox 750 1731 775 1768; x_wconf 89' lang='lat' dir='ltr'><strong>e.</strong></span> <span class='ocrx_word' id='word_1_86' title='bbox 800 1710 878 1782; x_wconf 85' lang='lat' dir='ltr'><strong>Quid</strong></span> <span class='ocrx_word' id='word_1_87' title='bbox 900 1710 1022 1770; x_wconf 82' lang='lat' dir='ltr'><strong>censes?</strong></span> <span class='ocrx_word' id='word_1_88' title='bbox 1056 1731 1125 1769; x_wconf 89' lang='lat' dir='ltr'><strong>num</strong></span> <span class='ocrx_word' id='word_1_89' title='bbox 1150 1712 1198 1769; x_wconf 89' lang='lat' dir='ltr'><strong>de-</strong></span> 
     </span>
     <span class='ocr_line' id='line_1_12' title="bbox 73 1809 1199 1891; baseline 0.002 -21"><span class='ocrx_word' id='word_1_90' title='bbox 73 1809 260 1891; x_wconf 81' lang='lat' dir='ltr'><strong>spondebit?</strong></span> <span class='ocrx_word' id='word_1_91' title='bbox 289 1811 443 1870; x_wconf 84' lang='lat' dir='ltr'><strong>Structura</strong></span> <span class='ocrx_word' id='word_1_92' title='bbox 465 1814 648 1890; x_wconf 81' lang='lat' dir='ltr'><strong>paralactica</strong></span> <span class='ocrx_word' id='word_1_93' title='bbox 669 1830 725 1888; x_wconf 86' lang='lat' dir='ltr'><strong>pro</strong></span> <span class='ocrx_word' id='word_1_94' title='bbox 748 1812 946 1890; x_wconf 65' lang='lat' dir='ltr'><strong>hyponactica,</strong></span> <span class='ocrx_word' id='word_1_95' title='bbox 970 1820 1004 1872; x_wconf 90' lang='lat' dir='ltr'><strong>ut</strong></span> <span class='ocrx_word' id='word_1_96' title='bbox 1026 1815 1055 1870; x_wconf 91' lang='lat' dir='ltr'><strong>in</strong></span> <span class='ocrx_word' id='word_1_97' title='bbox 1082 1809 1199 1888; x_wconf 82' lang='lat' dir='ltr'><strong>„laxo“‚</strong></span> 
     </span>
     <span class='ocr_line' id='line_1_13' title="bbox 76 1911 1198 1990; baseline 0.002 -16"><span class='ocrx_word' id='word_1_98' title='bbox 76 1911 178 1990; x_wconf 87' lang='lat' dir='ltr'><strong>„scio“</strong></span> <span class='ocrx_word' id='word_1_99' title='bbox 203 1915 343 1990; x_wconf 87' lang='lat' dir='ltr'><strong>aliisque,</strong></span> <span class='ocrx_word' id='word_1_100' title='bbox 377 1937 404 1974; x_wconf 88' lang='lat' dir='ltr'><strong>v.</strong></span> <span class='ocrx_word' id='word_1_101' title='bbox 429 1915 466 1973; x_wconf 89' lang='lat' dir='ltr'><strong>ad</strong></span> <span class='ocrx_word' id='word_1_102' title='bbox 488 1914 593 1990; x_wconf 82' lang='lat' dir='ltr'><strong>Amph.</strong></span> <span class='ocrx_word' id='word_1_103' title='bbox 618 1914 690 1972; x_wconf 82' lang='lat'><strong>433.</strong></span> <span class='ocrx_word' id='word_1_104' title='bbox 746 1914 828 1973; x_wconf 87' lang='lat' dir='ltr'><strong>Idem</strong></span> <span class='ocrx_word' id='word_1_105' title='bbox 855 1917 884 1972; x_wconf 91' lang='lat' dir='ltr'><strong>in</strong></span> <span class='ocrx_word' id='word_1_106' title='bbox 912 1916 1198 1989; x_wconf 76' lang='lat' dir='ltr'><strong>interrogationibus</strong></span> 
     </span>
     <span class='ocr_line' id='line_1_14' title="bbox 72 2013 1196 2094; baseline -0.002 -17"><span class='ocrx_word' id='word_1_107' title='bbox 72 2019 186 2077; x_wconf 83' lang='lat' dir='ltr'><strong>factum</strong></span> <span class='ocrx_word' id='word_1_108' title='bbox 217 2037 280 2074; x_wconf 85' lang='lat' dir='ltr'><strong>esse</strong></span> <span class='ocrx_word' id='word_1_109' title='bbox 308 2017 439 2076; x_wconf 86' lang='lat' dir='ltr'><strong>ostendit</strong></span> <span class='ocrx_word' id='word_1_110' title='bbox 468 2016 537 2076; x_wconf 89' lang='lat' dir='ltr'><strong>Hor.</strong></span> <span class='ocrx_word' id='word_1_111' title='bbox 562 2015 623 2075; x_wconf 87' lang='lat' dir='ltr'><strong>Sat.</strong></span> <span class='ocrx_word' id='word_1_112' title='bbox 646 2017 689 2089; x_wconf 88' lang='lat'><strong>11,</strong></span> <span class='ocrx_word' id='word_1_113' title='bbox 715 2019 743 2089; x_wconf 86' lang='grc'><strong>5,</strong></span> <span class='ocrx_word' id='word_1_114' title='bbox 769 2019 807 2075; x_wconf 77' lang='grc'><strong>76</strong></span> <span class='ocrx_word' id='word_1_115' title='bbox 831 2038 890 2094; x_wconf 90' lang='lat' dir='ltr'><strong>sq.:</strong></span> <span class='ocrx_word' id='word_1_116' title='bbox 925 2013 1097 2090; x_wconf 70' lang='lat' dir='ltr'><strong>„Putasns&#39;t</strong></span> <span class='ocrx_word' id='word_1_117' title='bbox 1126 2018 1196 2075; x_wconf 91' lang='lat' dir='ltr'><strong>Per·</strong></span> 
     </span>
     <span class='ocr_line' id='line_1_15' title="bbox 74 2117 1197 2196; baseline -0.003 -16"><span class='ocrx_word' id='word_1_118' title='bbox 74 2121 145 2180; x_wconf 87' lang='lat' dir='ltr'><strong>duci</strong></span> <span class='ocrx_word' id='word_1_119' title='bbox 167 2117 319 2196; x_wconf 86' lang='lat' dir='ltr'><strong>poterit?“</strong></span> <span class='ocrx_word' id='word_1_120' title='bbox 355 2140 389 2178; x_wconf 91' lang='lat' dir='ltr'><strong>ac</strong></span> <span class='ocrx_word' id='word_1_121' title='bbox 416 2120 542 2178; x_wconf 86' lang='grc'>15555555</span> <span class='ocrx_word' id='word_1_122' title='bbox 569 2122 658 2178; x_wconf 87' lang='lat' dir='ltr'><strong>etiam</strong></span> <span class='ocrx_word' id='word_1_123' title='bbox 681 2119 748 2179; x_wconf 81' lang='lat' dir='ltr'><strong>Aul.</strong></span> <span class='ocrx_word' id='word_1_124' title='bbox 774 2121 832 2178; x_wconf 86' lang='lat'><strong>301</strong></span> <span class='ocrx_word' id='word_1_125' title='bbox 859 2121 981 2178; x_wconf 87' lang='lat' dir='ltr'><strong>retineri</strong></span> <span class='ocrx_word' id='word_1_126' title='bbox 1005 2119 1094 2178; x_wconf 86' lang='lat' dir='ltr'><strong>debet</strong></span> <span class='ocrx_word' id='word_1_127' title='bbox 1117 2121 1197 2179; x_wconf 89' lang='lat' dir='ltr'><strong>codi-</strong></span> 
     </span>
     <span class='ocr_line' id='line_1_16' title="bbox 73 2215 1197 2300; baseline 0 -19"><span class='ocrx_word' id='word_1_128' title='bbox 73 2243 142 2281; x_wconf 87' lang='lat' dir='ltr'><strong>cum</strong></span> <span class='ocrx_word' id='word_1_129' title='bbox 165 2223 312 2298; x_wconf 86' lang='lat' dir='ltr'><strong>scripture</strong></span> <span class='ocrx_word' id='word_1_130' title='bbox 337 2217 485 2300; x_wconf 84' lang='lat' dir='ltr'><strong>„potest“.</strong></span> <span class='ocrx_word' id='word_1_131' title='bbox 509 2252 549 2261; x_wconf 97' lang='grc'>-</span> <span class='ocrx_word' id='word_1_132' title='bbox 576 2223 666 2280; x_wconf 84' lang='grc'>1257.</span> <span class='ocrx_word' id='word_1_133' title='bbox 694 2215 821 2294; x_wconf 72' lang='lat' dir='ltr'><strong>Censen,</strong></span> <span class='ocrx_word' id='word_1_134' title='bbox 850 2241 889 2281; x_wconf 87' lang='lat' dir='ltr'><strong>so.</strong></span> <span class='ocrx_word' id='word_1_135' title='bbox 912 2222 1085 2296; x_wconf 87' lang='lat' dir='ltr'><strong>laciendum,</strong></span> <span class='ocrx_word' id='word_1_136' title='bbox 1108 2243 1135 2283; x_wconf 84' lang='lat' dir='ltr'><strong>r.</strong></span> <span class='ocrx_word' id='word_1_137' title='bbox 1160 2223 1197 2281; x_wconf 90' lang='lat' dir='ltr'><strong>ad</strong></span> 
     </span>
     <span class='ocr_line' id='line_1_17' title="bbox 74 2325 1196 2403; baseline 0 -18"><span class='ocrx_word' id='word_1_138' title='bbox 74 2326 184 2403; x_wconf 83' lang='lat' dir='ltr'><strong>Amph.</strong></span> <span class='ocrx_word' id='word_1_139' title='bbox 208 2327 278 2384; x_wconf 92' lang='grc'>959.</span> <span class='ocrx_word' id='word_1_140' title='bbox 308 2353 349 2364; x_wconf 91' lang='grc'>-</span> <span class='ocrx_word' id='word_1_141' title='bbox 380 2327 460 2385; x_wconf 91' lang='grc'>1259</span> <span class='ocrx_word' id='word_1_142' title='bbox 482 2346 526 2402; x_wconf 91' lang='lat' dir='ltr'><strong>sq.</strong></span> <span class='ocrx_word' id='word_1_143' title='bbox 550 2325 694 2383; x_wconf 87' lang='lat' dir='ltr'><strong>Hilaritss</strong></span> <span class='ocrx_word' id='word_1_144' title='bbox 717 2325 914 2383; x_wconf 89' lang='lat' dir='ltr'><strong>adolescentis</strong></span> <span class='ocrx_word' id='word_1_145' title='bbox 935 2328 966 2383; x_wconf 89' lang='lat' dir='ltr'><strong>in</strong></span> <span class='ocrx_word' id='word_1_146' title='bbox 988 2325 1117 2383; x_wconf 90' lang='lat' dir='ltr'><strong>ludendo</strong></span> <span class='ocrx_word' id='word_1_147' title='bbox 1139 2325 1196 2386; x_wconf 89' lang='lat' dir='ltr'><strong>sibi</strong></span> 
     </span>
     <span class='ocr_line' id='line_1_18' title="bbox 72 2427 1197 2505; baseline -0.001 -18"><span class='ocrx_word' id='word_1_148' title='bbox 72 2427 226 2504; x_wconf 81' lang='lat' dir='ltr'><strong>indulget,</strong></span> <span class='ocrx_word' id='word_1_149' title='bbox 250 2433 280 2486; x_wconf 89' lang='lat' dir='ltr'><strong>et</strong></span> <span class='ocrx_word' id='word_1_150' title='bbox 302 2429 411 2487; x_wconf 83' lang='lat' dir='ltr'><strong>similia</strong></span> <span class='ocrx_word' id='word_1_151' title='bbox 433 2427 583 2502; x_wconf 80' lang='lat' dir='ltr'><strong>adsciscit,</strong></span> <span class='ocrx_word' id='word_1_152' title='bbox 613 2446 678 2504; x_wconf 72' lang='lat' dir='ltr'><strong>quse</strong></span> <span class='ocrx_word' id='word_1_153' title='bbox 701 2427 737 2485; x_wconf 92' lang='lat' dir='ltr'><strong>ad</strong></span> <span class='ocrx_word' id='word_1_154' title='bbox 761 2447 822 2485; x_wconf 87' lang='lat' dir='ltr'><strong>rem</strong></span> <span class='ocrx_word' id='word_1_155' title='bbox 845 2447 902 2485; x_wconf 93' lang='lat' dir='ltr'><strong>non</strong></span> <span class='ocrx_word' id='word_1_156' title='bbox 924 2429 1082 2505; x_wconf 91' lang='lat' dir='ltr'><strong>pertinent.</strong></span> <span class='ocrx_word' id='word_1_157' title='bbox 1127 2428 1197 2486; x_wconf 77' lang='lat' dir='ltr'><strong>Haec</strong></span> 
     </span>
     <span class='ocr_line' id='line_1_19' title="bbox 73 2529 1197 2608; baseline -0.001 -18"><span class='ocrx_word' id='word_1_158' title='bbox 73 2532 154 2590; x_wconf 88' lang='lat' dir='ltr'><strong>enim</strong></span> <span class='ocrx_word' id='word_1_159' title='bbox 179 2551 215 2588; x_wconf 83' lang='lat' dir='ltr'><strong>ex</strong></span> <span class='ocrx_word' id='word_1_160' title='bbox 237 2550 327 2590; x_wconf 89' lang='lat' dir='ltr'><strong>censu</strong></span> <span class='ocrx_word' id='word_1_161' title='bbox 348 2531 452 2608; x_wconf 89' lang='lat' dir='ltr'><strong>populi</strong></span> <span class='ocrx_word' id='word_1_162' title='bbox 474 2534 591 2608; x_wconf 89' lang='lat' dir='ltr'><strong>sumpta</strong></span> <span class='ocrx_word' id='word_1_163' title='bbox 620 2529 773 2605; x_wconf 87' lang='lat' dir='ltr'><strong>videntur,</strong></span> <span class='ocrx_word' id='word_1_164' title='bbox 806 2530 857 2589; x_wconf 90' lang='lat' dir='ltr'><strong>uhi</strong></span> <span class='ocrx_word' id='word_1_165' title='bbox 886 2548 989 2588; x_wconf 85' lang='lat' dir='ltr'><strong>consor</strong></span> <span class='ocrx_word' id='word_1_166' title='bbox 1011 2534 1112 2606; x_wconf 86' lang='lat' dir='ltr'><strong>roget,</strong></span> <span class='ocrx_word' id='word_1_167' title='bbox 1146 2531 1197 2606; x_wconf 90' lang='lat' dir='ltr'><strong>qui</strong></span> 
     </span>
     <span class='ocr_line' id='line_1_20' title="bbox 73 2628 1198 2710; baseline 0 -18"><span class='ocrx_word' id='word_1_168' title='bbox 73 2637 215 2692; x_wconf 87' lang='lat' dir='ltr'><strong>censetur</strong></span> <span class='ocrx_word' id='word_1_169' title='bbox 236 2634 404 2709; x_wconf 84' lang='lat' dir='ltr'><strong>respondet.</strong></span> <span class='ocrx_word' id='word_1_170' title='bbox 450 2633 619 2710; x_wconf 85' lang='lat' dir='ltr'><strong>Interrogat</strong></span> <span class='ocrx_word' id='word_1_171' title='bbox 646 2637 759 2703; x_wconf 86' lang='lat' dir='ltr'><strong>autem,</strong></span> <span class='ocrx_word' id='word_1_172' title='bbox 795 2628 906 2709; x_wconf 77' lang='lat' dir='ltr'><strong>quanli</strong></span> <span class='ocrx_word' id='word_1_173' title='bbox 935 2652 996 2689; x_wconf 89' lang='lat' dir='ltr'><strong>rem</strong></span> <span class='ocrx_word' id='word_1_174' title='bbox 1026 2651 1110 2690; x_wconf 89' lang='lat' dir='ltr'><strong>suam</strong></span> <span class='ocrx_word' id='word_1_175' title='bbox 1133 2653 1198 2692; x_wconf 86' lang='lat' dir='ltr'><strong>esse</strong></span> 
     </span>
     <span class='ocr_line' id='line_1_21' title="bbox 75 2735 1198 2813; baseline -0.001 -19"><span class='ocrx_word' id='word_1_176' title='bbox 75 2739 208 2808; x_wconf 86' lang='lat' dir='ltr'><strong>censeat,</strong></span> <span class='ocrx_word' id='word_1_177' title='bbox 243 2736 305 2793; x_wconf 85' lang='lat' dir='ltr'><strong>sive</strong></span> <span class='ocrx_word' id='word_1_178' title='bbox 338 2737 442 2813; x_wconf 87' lang='lat' dir='ltr'><strong>quanti</strong></span> <span class='ocrx_word' id='word_1_179' title='bbox 472 2737 587 2795; x_wconf 88' lang='lat' dir='ltr'><strong>censeri</strong></span> <span class='ocrx_word' id='word_1_180' title='bbox 616 2736 698 2794; x_wconf 90' lang='lat' dir='ltr'><strong>velit.</strong></span> <span class='ocrx_word' id='word_1_181' title='bbox 754 2735 909 2794; x_wconf 84' lang='lat' dir='ltr'><strong>Trachalio</strong></span> <span class='ocrx_word' id='word_1_182' title='bbox 932 2735 974 2792; x_wconf 91' lang='lat' dir='ltr'><strong>sic</strong></span> <span class='ocrx_word' id='word_1_183' title='bbox 996 2737 1198 2811; x_wconf 87' lang='lat' dir='ltr'><strong>interrogatus</strong></span> 
     </span>
     <span class='ocr_line' id='line_1_22' title="bbox 72 2837 1196 2917; baseline 0.001 -21"><span class='ocrx_word' id='word_1_184' title='bbox 72 2844 175 2896; x_wconf 88' lang='lat' dir='ltr'><strong>tamen</strong></span> <span class='ocrx_word' id='word_1_185' title='bbox 198 2837 273 2896; x_wconf 93' lang='lat' dir='ltr'><strong>nihil</strong></span> <span class='ocrx_word' id='word_1_186' title='bbox 295 2838 456 2917; x_wconf 85' lang='lat' dir='ltr'><strong>respondet</strong></span> <span class='ocrx_word' id='word_1_187' title='bbox 478 2840 535 2898; x_wconf 89' lang='lat' dir='ltr'><strong>nisi</strong></span> <span class='ocrx_word' id='word_1_188' title='bbox 553 2838 634 2916; x_wconf 89' lang='lat' dir='ltr'><strong>quod</strong></span> <span class='ocrx_word' id='word_1_189' title='bbox 650 2857 766 2916; x_wconf 87' lang='lat' dir='ltr'><strong>semper</strong></span> <span class='ocrx_word' id='word_1_190' title='bbox 783 2842 878 2911; x_wconf 82' lang='lat' dir='ltr'><strong>antea,</strong></span> <span class='ocrx_word' id='word_1_191' title='bbox 901 2850 1016 2908; x_wconf 73' lang='grc'>655550,</span> <span class='ocrx_word' id='word_1_192' title='bbox 1040 2855 1099 2913; x_wconf 90' lang='lat' dir='ltr'><strong>quo</strong></span> <span class='ocrx_word' id='word_1_193' title='bbox 1116 2838 1196 2897; x_wconf 83' lang='lat' dir='ltr'><strong>facto</strong></span> 
     </span>
     <span class='ocr_line' id='line_1_23' title="bbox 74 2939 1196 3018; baseline 0.001 -20"><span class='ocrx_word' id='word_1_194' title='bbox 74 2939 266 3018; x_wconf 88' lang='lat' dir='ltr'><strong>Plesidippus</strong></span> <span class='ocrx_word' id='word_1_195' title='bbox 299 2960 331 2998; x_wconf 89' lang='lat' dir='ltr'><strong>se</strong></span> <span class='ocrx_word' id='word_1_196' title='bbox 364 2939 466 3000; x_wconf 86' lang='lat' dir='ltr'><strong>edesse</strong></span> <span class='ocrx_word' id='word_1_197' title='bbox 500 2942 586 3014; x_wconf 88' lang='lat' dir='ltr'><strong>dicit,</strong></span> <span class='ocrx_word' id='word_1_198' title='bbox 628 2943 852 3016; x_wconf 89' lang='lat' dir='ltr'><strong>censionemque</strong></span> <span class='ocrx_word' id='word_1_199' title='bbox 885 2958 966 2997; x_wconf 89' lang='lat' dir='ltr'><strong>suam</strong></span> <span class='ocrx_word' id='word_1_200' title='bbox 1000 2943 1100 3017; x_wconf 88' lang='lat' dir='ltr'><strong>potius</strong></span> <span class='ocrx_word' id='word_1_201' title='bbox 1133 2959 1196 2999; x_wconf 87' lang='lat' dir='ltr'><strong>esse</strong></span> 
     </span>
     <span class='ocr_line' id='line_1_24' title="bbox 73 3037 1194 3119; baseline 0 -17"><span class='ocrx_word' id='word_1_202' title='bbox 73 3063 164 3119; x_wconf 90' lang='lat' dir='ltr'><strong>quam</strong></span> <span class='ocrx_word' id='word_1_203' title='bbox 187 3044 280 3116; x_wconf 82' lang='lat' dir='ltr'><strong>servi3</strong></span> <span class='ocrx_word' id='word_1_204' title='bbox 312 3048 392 3101; x_wconf 89' lang='lat' dir='ltr'><strong>recte</strong></span> <span class='ocrx_word' id='word_1_205' title='bbox 416 3046 494 3102; x_wconf 89' lang='lat' dir='ltr'><strong>euim</strong></span> <span class='ocrx_word' id='word_1_206' title='bbox 517 3043 577 3102; x_wconf 79' lang='lat' dir='ltr'><strong>FL:</strong></span> <span class='ocrx_word' id='word_1_207' title='bbox 611 3038 737 3102; x_wconf 77' lang='lat' dir='ltr'><strong>Adsum</strong></span> <span class='ocrx_word' id='word_1_208' title='bbox 759 3037 909 3119; x_wconf 78' lang='lat' dir='ltr'><strong>equidem.</strong></span> <span class='ocrx_word' id='word_1_209' title='bbox 934 3071 974 3082; x_wconf 91' lang='lat'><em>-</em></span> <span class='ocrx_word' id='word_1_210' title='bbox 1006 3043 1095 3101; x_wconf 89' lang='grc'>1262.</span> <span class='ocrx_word' id='word_1_211' title='bbox 1129 3063 1194 3116; x_wconf 83' lang='grc'>,,55-</span> 
     </span>
     <span class='ocr_line' id='line_1_25' title="bbox 73 3139 1196 3223; baseline 0 -19"><span class='ocrx_word' id='word_1_212' title='bbox 73 3148 169 3204; x_wconf 88' lang='lat' dir='ltr'><strong>lutam</strong></span> <span class='ocrx_word' id='word_1_213' title='bbox 197 3142 375 3205; x_wconf 78' lang='lat' dir='ltr'><strong>adueniens⁴⁴</strong></span> <span class='ocrx_word' id='word_1_214' title='bbox 401 3146 446 3205; x_wconf 83' lang='lat' dir='ltr'><strong>Fl.</strong></span> <span class='ocrx_word' id='word_1_215' title='bbox 499 3145 542 3204; x_wconf 85' lang='lat' dir='ltr'><strong>Ne</strong></span> <span class='ocrx_word' id='word_1_216' title='bbox 570 3145 669 3204; x_wconf 87' lang='lat' dir='ltr'><strong>hiatus</strong></span> <span class='ocrx_word' id='word_1_217' title='bbox 696 3147 737 3203; x_wconf 88' lang='lat' dir='ltr'><strong>sit</strong></span> <span class='ocrx_word' id='word_1_218' title='bbox 763 3149 832 3223; x_wconf 89' lang='lat' dir='ltr'><strong>post</strong></span> <span class='ocrx_word' id='word_1_219' title='bbox 856 3139 1025 3220; x_wconf 79' lang='lat' dir='ltr'><strong>„Censeo“‚</strong></span> <span class='ocrx_word' id='word_1_220' title='bbox 1060 3145 1196 3204; x_wconf 88' lang='lat' dir='ltr'><strong>Mueller.</strong></span> 
     </span>
    </p>
   </div>
   <div class='ocr_carea' id='block_1_5' title="bbox 74 3241 1326 3328">
    <p class='ocr_par' dir='ltr' id='par_1_5' title="bbox 74 3241 1326 3328">
     <span class='ocr_line' id='line_1_26' title="bbox 74 3241 1326 3328; baseline 0.002 -22"><span class='ocrx_word' id='word_1_221' title='bbox 74 3248 195 3306; x_wconf 84' lang='lat' dir='ltr'><strong>maluit:</strong></span> <span class='ocrx_word' id='word_1_222' title='bbox 228 3246 341 3322; x_wconf 86' lang='lat' dir='ltr'><strong>„Etiam</strong></span> <span class='ocrx_word' id='word_1_223' title='bbox 365 3251 428 3308; x_wconf 86' lang='lat' dir='ltr'><strong>eius</strong></span> <span class='ocrx_word' id='word_1_224' title='bbox 451 3247 586 3328; x_wconf 86' lang='lat' dir='ltr'><strong>patrem“</strong></span> <span class='ocrx_word' id='word_1_225' title='bbox 613 3254 647 3306; x_wconf 91' lang='lat' dir='ltr'><strong>ut</strong></span> <span class='ocrx_word' id='word_1_226' title='bbox 672 3249 763 3306; x_wconf 90' lang='grc'>1264.</span> <span class='ocrx_word' id='word_1_227' title='bbox 786 3276 828 3287; x_wconf 90' lang='grc'><strong>-</strong></span> <span class='ocrx_word' id='word_1_228' title='bbox 853 3249 943 3307; x_wconf 77' lang='grc'>1267.</span> <span class='ocrx_word' id='word_1_229' title='bbox 971 3241 1049 3306; x_wconf 82' lang='lat' dir='ltr'><strong>Non</strong></span> <span class='ocrx_word' id='word_1_230' title='bbox 1071 3263 1195 3323; x_wconf 58' lang='lat' dir='ltr'><strong>oensem</strong></span> <span class='ocrx_word' id='word_1_231' title='bbox 1321 3259 1326 3269; x_wconf 92' lang='grc'><em>“</em></span> 
     </span>
    </p>
   </div>
   <div class='ocr_carea' id='block_1_6' title="bbox 74 3351 1129 3428">
    <p class='ocr_par' dir='ltr' id='par_1_6' title="bbox 74 3351 1129 3428">
     <span class='ocr_line' id='line_1_27' title="bbox 74 3351 1129 3428; baseline -0.002 -18"><span class='ocrx_word' id='word_1_232' title='bbox 74 3358 109 3410; x_wconf 85' lang='grc'><strong>55</strong></span> <span class='ocrx_word' id='word_1_233' title='bbox 135 3352 214 3412; x_wconf 87' lang='grc'>1259</span> <span class='ocrx_word' id='word_1_234' title='bbox 238 3351 316 3410; x_wconf 88' lang='lat' dir='ltr'><strong>idem</strong></span> <span class='ocrx_word' id='word_1_235' title='bbox 339 3352 459 3428; x_wconf 87' lang='lat' dir='ltr'><strong>repetit,</strong></span> <span class='ocrx_word' id='word_1_236' title='bbox 483 3351 567 3428; x_wconf 89' lang='lat' dir='ltr'><strong>quasi</strong></span> <span class='ocrx_word' id='word_1_237' title='bbox 590 3369 678 3427; x_wconf 88' lang='lat' dir='ltr'><strong>qnam</strong></span> <span class='ocrx_word' id='word_1_238' title='bbox 701 3354 803 3428; x_wconf 87' lang='lat' dir='ltr'><strong>aptum</strong></span> <span class='ocrx_word' id='word_1_239' title='bbox 825 3352 864 3408; x_wconf 90' lang='lat' dir='ltr'><strong>sit</strong></span> <span class='ocrx_word' id='word_1_240' title='bbox 885 3370 989 3428; x_wconf 82' lang='lat' dir='ltr'><strong>parum</strong></span> <span class='ocrx_word' id='word_1_241' title='bbox 1014 3369 1129 3409; x_wconf 90' lang='lat' dir='ltr'><strong>curans.</strong></span> 
     </span>
    </p>
   </div>
   <div class='ocr_carea' id='block_1_7' title="bbox 536 3535 738 3544">
    <p class='ocr_par' dir='ltr' id='par_1_7' title="bbox 536 3535 738 3544">
     <span class='ocr_line' id='line_1_28' title="bbox 536 3535 738 3544; baseline -0.005 0"><span class='ocrx_word' id='word_1_242' title='bbox 536 3535 738 3544; x_wconf 59' lang='lat'><strong>*—</strong></span> 
     </span>
    </p>
   </div>
   <div class='ocr_carea' id='block_1_8' title="bbox 72 3657 1195 4454">
    <p class='ocr_par' dir='ltr' id='par_1_8' title="bbox 72 3657 1195 4454">
     <span class='ocr_line' id='line_1_29' title="bbox 164 3657 1195 3735; baseline 0 -19"><span class='ocrx_word' id='word_1_243' title='bbox 164 3659 254 3717; x_wconf 84' lang='grc'>1268.</span> <span class='ocrx_word' id='word_1_244' title='bbox 289 3658 406 3717; x_wconf 85' lang='lat' dir='ltr'><strong>Labrax</strong></span> <span class='ocrx_word' id='word_1_245' title='bbox 434 3659 557 3718; x_wconf 79' lang='lat' dir='ltr'><strong>advenit</strong></span> <span class='ocrx_word' id='word_1_246' title='bbox 578 3661 687 3719; x_wconf 87' lang='lat' dir='ltr'><strong>indicio</strong></span> <span class='ocrx_word' id='word_1_247' title='bbox 710 3659 875 3718; x_wconf 85' lang='lat' dir='ltr'><strong>damnatus.</strong></span> <span class='ocrx_word' id='word_1_248' title='bbox 919 3657 1102 3735; x_wconf 87' lang='lat' dir='ltr'><strong>Septenariis</strong></span> <span class='ocrx_word' id='word_1_249' title='bbox 1124 3660 1195 3717; x_wconf 89' lang='lat' dir='ltr'><strong>iam·</strong></span> 
     </span>
     <span class='ocr_line' id='line_1_30' title="bbox 72 3756 1195 3837; baseline -0.004 -15"><span class='ocrx_word' id='word_1_250' title='bbox 72 3763 148 3822; x_wconf 91' lang='lat' dir='ltr'><strong>bicis</strong></span> <span class='ocrx_word' id='word_1_251' title='bbox 165 3763 313 3820; x_wconf 86' lang='lat' dir='ltr'><strong>fortunam</strong></span> <span class='ocrx_word' id='word_1_252' title='bbox 330 3781 412 3820; x_wconf 89' lang='lat' dir='ltr'><strong>suam</strong></span> <span class='ocrx_word' id='word_1_253' title='bbox 431 3765 576 3837; x_wconf 89' lang='lat' dir='ltr'><strong>queritur.</strong></span> <span class='ocrx_word' id='word_1_254' title='bbox 631 3756 778 3821; x_wconf 80' lang='lat' dir='ltr'><strong>mortalis</strong></span> <span class='ocrx_word' id='word_1_255' title='bbox 801 3761 930 3819; x_wconf 87' lang='lat' dir='ltr'><strong>Reizius.</strong></span> <span class='ocrx_word' id='word_1_256' title='bbox 942 3760 1077 3818; x_wconf 86' lang='lat' dir='ltr'><strong>Mueller.</strong></span> <span class='ocrx_word' id='word_1_257' title='bbox 1099 3779 1195 3832; x_wconf 87' lang='lat' dir='ltr'><strong>„mor-</strong></span> 
     </span>
     <span class='ocr_line' id='line_1_31' title="bbox 73 3860 1195 3942; baseline -0.002 -19"><span class='ocrx_word' id='word_1_258' title='bbox 73 3860 197 3923; x_wconf 84' lang='lat' dir='ltr'><strong>talium“</strong></span> <span class='ocrx_word' id='word_1_259' title='bbox 223 3865 345 3922; x_wconf 87' lang='lat' dir='ltr'><strong>retineri</strong></span> <span class='ocrx_word' id='word_1_260' title='bbox 367 3884 453 3942; x_wconf 83' lang='lat' dir='ltr'><strong>posse</strong></span> <span class='ocrx_word' id='word_1_261' title='bbox 476 3864 557 3938; x_wconf 91' lang='lat' dir='ltr'><strong>dicit,</strong></span> <span class='ocrx_word' id='word_1_262' title='bbox 581 3866 605 3921; x_wconf 89' lang='lat' dir='ltr'><strong>ei</strong></span> <span class='ocrx_word' id='word_1_263' title='bbox 628 3865 777 3922; x_wconf 87' lang='lat' dir='ltr'><strong>scribatur</strong></span> <span class='ocrx_word' id='word_1_264' title='bbox 803 3863 896 3936; x_wconf 84' lang='lat' dir='ltr'><strong>„alter</strong></span> <span class='ocrx_word' id='word_1_265' title='bbox 917 3860 1039 3934; x_wconf 88' lang='lat' dir='ltr'><strong>uiuat“;</strong></span> <span class='ocrx_word' id='word_1_266' title='bbox 1061 3863 1195 3921; x_wconf 89' lang='lat' dir='ltr'><strong>sedtum</strong></span> 
     </span>
     <span class='ocr_line' id='line_1_32' title="bbox 73 3955 1193 4045; baseline 0.001 -22"><span class='ocrx_word' id='word_1_267' title='bbox 73 3970 154 4045; x_wconf 86' lang='lat' dir='ltr'><strong>perit</strong></span> <span class='ocrx_word' id='word_1_268' title='bbox 175 3967 315 4026; x_wconf 76' lang='lat' dir='ltr'><strong>diaeresis.</strong></span> <span class='ocrx_word' id='word_1_269' title='bbox 340 3997 380 4007; x_wconf 93' lang='lat'>-</span> <span class='ocrx_word' id='word_1_270' title='bbox 406 3969 496 4026; x_wconf 88' lang='grc'>1269.</span> <span class='ocrx_word' id='word_1_271' title='bbox 520 3962 574 4038; x_wconf 80' lang='lat' dir='ltr'><strong>ud,</strong></span> <span class='ocrx_word' id='word_1_272' title='bbox 597 3955 618 4025; x_wconf 70' lang='lat' dir='ltr'><strong>il</strong></span> <span class='ocrx_word' id='word_1_273' title='bbox 642 3987 666 4024; x_wconf 91' lang='lat' dir='ltr'><strong>e.</strong></span> <span class='ocrx_word' id='word_1_274' title='bbox 691 3965 784 4044; x_wconf 87' lang='lat' dir='ltr'><strong>apud,</strong></span> <span class='ocrx_word' id='word_1_275' title='bbox 813 3985 840 4024; x_wconf 86' lang='lat' dir='ltr'><strong>v.</strong></span> <span class='ocrx_word' id='word_1_276' title='bbox 865 3966 901 4024; x_wconf 89' lang='lat' dir='ltr'><strong>ad</strong></span> <span class='ocrx_word' id='word_1_277' title='bbox 925 3967 1005 4024; x_wconf 81' lang='lat' dir='ltr'><strong>Asin.</strong></span> <span class='ocrx_word' id='word_1_278' title='bbox 1030 3967 1100 4025; x_wconf 86' lang='grc'>816.</span> <span class='ocrx_word' id='word_1_279' title='bbox 1126 3965 1193 4025; x_wconf 89' lang='lat' dir='ltr'><strong>add.</strong></span> 
     </span>
     <span class='ocr_line' id='line_1_33' title="bbox 73 4067 1194 4143; baseline -0.001 -16"><span class='ocrx_word' id='word_1_280' title='bbox 73 4069 165 4128; x_wconf 85' lang='lat' dir='ltr'><strong>Most.</strong></span> <span class='ocrx_word' id='word_1_281' title='bbox 190 4069 260 4128; x_wconf 82' lang='lat'><strong>344.</strong></span> <span class='ocrx_word' id='word_1_282' title='bbox 300 4069 381 4127; x_wconf 85' lang='lat' dir='ltr'><strong>Men.</strong></span> <span class='ocrx_word' id='word_1_283' title='bbox 407 4072 476 4128; x_wconf 79' lang='lat'><strong>573.</strong></span> <span class='ocrx_word' id='word_1_284' title='bbox 517 4069 598 4127; x_wconf 86' lang='lat' dir='ltr'><strong>Trin.</strong></span> <span class='ocrx_word' id='word_1_285' title='bbox 617 4069 688 4128; x_wconf 85' lang='grc'>496.</span> <span class='ocrx_word' id='word_1_286' title='bbox 723 4068 840 4126; x_wconf 84' lang='grc' dir='ltr'>Τ55551.</span> <span class='ocrx_word' id='word_1_287' title='bbox 860 4071 910 4128; x_wconf 86' lang='grc'><strong>99.</strong></span> <span class='ocrx_word' id='word_1_288' title='bbox 954 4067 1194 4143; x_wconf 79' lang='lat' dir='ltr'><strong>recuperatores,</strong></span> 
     </span>
     <span class='ocr_line' id='line_1_34' title="bbox 73 4167 1195 4248; baseline -0.001 -19"><span class='ocrx_word' id='word_1_289' title='bbox 73 4191 101 4230; x_wconf 83' lang='lat' dir='ltr'><strong>r.</strong></span> <span class='ocrx_word' id='word_1_290' title='bbox 125 4171 162 4228; x_wconf 90' lang='lat' dir='ltr'><strong>ad</strong></span> <span class='ocrx_word' id='word_1_291' title='bbox 186 4171 291 4230; x_wconf 90' lang='lat' dir='ltr'><strong>Bacch.</strong></span> <span class='ocrx_word' id='word_1_292' title='bbox 316 4174 385 4229; x_wconf 80' lang='grc'>267.</span> <span class='ocrx_word' id='word_1_293' title='bbox 418 4200 454 4212; x_wconf 92' lang='grc'>-</span> <span class='ocrx_word' id='word_1_294' title='bbox 487 4174 576 4230; x_wconf 84' lang='grc'>1271.</span> <span class='ocrx_word' id='word_1_295' title='bbox 605 4167 693 4230; x_wconf 84' lang='lat' dir='ltr'><strong>Num</strong></span> <span class='ocrx_word' id='word_1_296' title='bbox 715 4177 770 4230; x_wconf 88' lang='lat' dir='ltr'><strong>cet.</strong></span> <span class='ocrx_word' id='word_1_297' title='bbox 822 4171 890 4230; x_wconf 75' lang='lat' dir='ltr'><strong>Hac</strong></span> <span class='ocrx_word' id='word_1_298' title='bbox 912 4191 1029 4248; x_wconf 89' lang='lat' dir='ltr'><strong>quoque</strong></span> <span class='ocrx_word' id='word_1_299' title='bbox 1052 4171 1195 4246; x_wconf 89' lang='lat' dir='ltr'><strong>querendi</strong></span> 
     </span>
     <span class='ocr_line' id='line_1_35' title="bbox 73 4269 1192 4351; baseline -0.003 -18"><span class='ocrx_word' id='word_1_300' title='bbox 73 4294 161 4333; x_wconf 85' lang='lat' dir='ltr'><strong>causa</strong></span> <span class='ocrx_word' id='word_1_301' title='bbox 181 4283 241 4339; x_wconf 86' lang='lat' dir='ltr'><strong>est;</strong></span> <span class='ocrx_word' id='word_1_302' title='bbox 265 4276 300 4331; x_wconf 82' lang='lat' dir='ltr'><strong>cf.</strong></span> <span class='ocrx_word' id='word_1_303' title='bbox 324 4274 362 4332; x_wconf 86' lang='lat' dir='ltr'><strong>od</strong></span> <span class='ocrx_word' id='word_1_304' title='bbox 373 4275 454 4332; x_wconf 81' lang='lat' dir='ltr'><strong>Asin.</strong></span> <span class='ocrx_word' id='word_1_305' title='bbox 472 4277 540 4334; x_wconf 89' lang='grc'>122.</span> <span class='ocrx_word' id='word_1_306' title='bbox 561 4303 602 4314; x_wconf 93' lang='lat'>-</span> <span class='ocrx_word' id='word_1_307' title='bbox 625 4276 715 4333; x_wconf 84' lang='grc'>1273.</span> <span class='ocrx_word' id='word_1_308' title='bbox 739 4269 868 4332; x_wconf 73' lang='lat' dir='ltr'><strong>alteram</strong></span> <span class='ocrx_word' id='word_1_309' title='bbox 890 4275 1001 4351; x_wconf 90' lang='lat' dir='ltr'><strong>pendet</strong></span> <span class='ocrx_word' id='word_1_310' title='bbox 1023 4275 1059 4330; x_wconf 88' lang='lat' dir='ltr'><strong>ab</strong></span> <span class='ocrx_word' id='word_1_311' title='bbox 1082 4269 1192 4345; x_wconf 74' lang='lat' dir='ltr'><strong>uisam,</strong></span> 
     </span>
     <span class='ocr_line' id='line_1_36' title="bbox 72 4373 1190 4454; baseline -0.001 -20"><span class='ocrx_word' id='word_1_312' title='bbox 72 4387 106 4434; x_wconf 85' lang='lat' dir='ltr'><strong>ut</strong></span> <span class='ocrx_word' id='word_1_313' title='bbox 128 4375 219 4454; x_wconf 86' lang='lat' dir='ltr'><strong>Epid.</strong></span> <span class='ocrx_word' id='word_1_314' title='bbox 239 4377 311 4434; x_wconf 86' lang='grc'>213.</span> <span class='ocrx_word' id='word_1_315' title='bbox 355 4375 422 4433; x_wconf 87' lang='lat' dir='ltr'><strong>Tor.</strong></span> <span class='ocrx_word' id='word_1_316' title='bbox 441 4375 512 4434; x_wconf 86' lang='lat' dir='ltr'><strong>Hoc.</strong></span> <span class='ocrx_word' id='word_1_317' title='bbox 527 4377 602 4435; x_wconf 80' lang='lat'>341:</span> <span class='ocrx_word' id='word_1_318' title='bbox 636 4375 720 4444; x_wconf 85' lang='lat' dir='ltr'><strong>„Non</strong></span> <span class='ocrx_word' id='word_1_319' title='bbox 743 4379 836 4434; x_wconf 84' lang='lat' dir='ltr'><strong>uisam</strong></span> <span class='ocrx_word' id='word_1_320' title='bbox 860 4395 979 4433; x_wconf 79' lang='lat' dir='ltr'><strong>sixoreur</strong></span> <span class='ocrx_word' id='word_1_321' title='bbox 1002 4373 1190 4453; x_wconf 78' lang='lat' dir='ltr'><strong>Pamphili?“</strong></span> 
     </span>
    </p>
   </div>
   <div class='ocr_carea' id='block_1_9' title="bbox 0 0 1464 4998">
    <p class='ocr_par' dir='ltr' id='par_1_9' title="bbox 0 0 1464 4998">
     <span class='ocr_line' id='line_1_37' title="bbox 0 0 1464 4998; baseline 0 1"><span class='ocrx_word' id='word_1_322' title='bbox 0 0 1464 4998; x_wconf 95' lang='lat' dir='ltr'><strong> </strong></span> 
     </span>
    </p>
   </div>
  </div>
 </body>
</html>
