2928 4996
560 497 593 552 V.
612 499 756 552 sul-ers.
1161 503 1222 564 65¹7

96 695 179 752 nime
201 694 279 752 feeit.
304 723 345 734 -
375 695 445 754 850.
474 689 517 753 ad
539 692 567 751 16
588 692 690 766 Acid,
718 693 754 752 cf.
779 691 861 752 Triu.
886 694 957 751 630.
981 721 1022 732 -
1046 694 1117 751 851.
1140 707 1225 752 nunc

96 795 148 855 ed.
170 815 216 872 pr.
240 825 281 836 -
305 797 376 855 852.
399 792 465 868 seis,
497 795 607 870 „uslis“
634 795 764 869 (lumem,
795 796 846 853 sed
868 815 898 855 v.
921 794 959 854 sd
982 794 1063 854 Pers.
1088 797 1159 856 513.
1183 825 1224 836 -

100 900 175 958 853.
208 893 281 959 Nee
305 913 354 957 me
379 894 432 958 1116
460 913 516 958 666
543 899 677 957 restituit
698 897 801 957 616611.
824 897 908 957 Pros.
931 918 961 975 p.
986 899 1056 958 21⁷.
1083 925 1121 939 -
1152 901 1223 960 856.

104 995 255 1062 0111116161
268 997 370 1078 filium
388 1002 576 1062 scribendum
593 1023 658 1062 esse
674 1001 751 1060 vidit
761 1001 922 1076 Kiessliug.
940 1003 1017 1061 Anu.
1030 1001 1103 1079 phil.
1116 1001 1225 1063 xcvss

97 1126 130 1182 p.
156 1107 227 1165 646.
284 1105 341 1178 Qui
371 1107 451 1183 quod
472 1107 603 1183 priorem
632 1109 747 1182 purtem
777 1106 919 1165 excidisse
952 1107 1080 1183 proximi
1113 1125 1224 1180 versus,

98 1210 186 1268 cuius
209 1209 305 1268 exitus
328 1211 382 1268 sit:
410 1209 500 1282 „noui
523 1209 655 1266 animum
677 1203 792 1282 tnum“,
816 1212 925 1282 censet,
957 1208 1028 1268 mihi
1051 1208 1225 1268 616116661-
1333 1253 1336 1260 .

100 1313 202 1371 dersri
223 1312 353 1388 videtur,
382 1309 469 1371 modo
490 1331 518 1370 v.
544 1311 605 1368 857
627 1309 664 1370 ut
684 1330 740 1388 pro
767 1307 843 1384 ,Er‘
869 1310 1026 1389 scribetur,
1057 1318 1088 1371 st
1108 1307 1226 1386 relicta,

101 1415 183 1490 quod
206 1414 292 1474 codd.
316 1414 538 1506 commendqm
568 1434 635 1473 uum
658 1407 811 1473 Animum
834 1413 922 1474 tuum
949 1419 1024 1490 puto
1047 1413 1225 1475 Schoellium

101 1524 184 1576 recte
213 1518 250 1575 de
277 1517 441 1576 Phronesio
471 1519 538 1595 ipse
563 1516 761 1590 intellexisse,
795 1537 883 1595 quem
916 1518 959 1576 itu
992 1519 1146 1595 appellere
1175 1518 1227 1577 Di·

102 1620 242 1680 uierchus
271 1622 377 1680 solitus
399 1623 453 1694 sit,
487 1631 522 1679 ut
545 1622 604 1680 871
639 1621 775 1696 ,oculum
797 1615 915 1680 sunm“.
945 1621 982 1679 cl.
1020 1623 1080 1695 „mi
1108 1619 1224 1681 enims“

101 1725 284 1784 166661.
329 1700 510 1783 666161.
555 1724 633 1784 Rue.
659 1726 751 1785 1666.
795 1724 862 1782 Ter.
891 1723 967 1783 uun.
991 1727 1047 1798 95,
1085 1728 1143 1799 „mr
1166 1728 1228 1784 ani-

102 1822 201 1886 mule“
233 1827 297 1888 Ces.
325 1829 394 1886 134.
433 1827 512 1886 Men.
538 1829 608 1888 355.
638 1855 680 1868 -·
709 1827 813 1887 tameo
845 1827 891 1886 ed.
924 1848 969 1905 pr.
1002 1857 1044 1868 -
1079 1830 1140 1907 858
1162 1848 1228 1907 sqq.

102 1929 299 1990 Phronesium
323 1928 483 1990 Dinisreho
505 1929 621 2003 suadet,
650 1935 685 1988 ut
706 1931 799 1990 muris
822 1931 988 2007 exemplum
1010 1931 1151 2008 imitetur,
1176 1932 1229 2008 qui

102 2053 164 2092 uno
187 2033 313 2093 latibulo
334 2035 398 2092 sive
420 2033 511 2093 cubili
533 2052 593 2092 non
616 2038 771 2092 contentus
793 2033 880 2110 plure
907 2031 965 2092 sibi
991 2041 1093 2111 peret,
1122 2053 1173 2108 ne,
1203 2036 1228 2092 si

102 2137 193 2195 unius
216 2139 325 2196 ostium
349 2137 536 2196 obstructum
558 2136 606 2210 sit,
628 2135 766 2213 perfugio
788 2142 903 2210 csrest;
925 2139 969 2196 sio
991 2142 1152 2195 emstorem
1169 2157 1228 2198 uon

103 2241 170 2299 sols
191 2260 283 2300 uxore
306 2245 478 2299 contentum
502 2258 566 2298 esse
588 2237 705 2299 debere.
757 2240 818 2299 859
841 2246 911 2317 post
933 2241 979 2300 sd.
1001 2259 1048 2334 pr.
1072 2259 1128 2298 sm.
1152 2241 1229 2299 Bue-

104 2343 214 2402 cheler.
250 2345 320 2403 866.
347 2335 431 2417 Quin
454 2343 568 2400 invenit
590 2343 726 2418 Bothius,
750 2344 788 2404 ef.
804 2345 873 2417 146,
897 2338 1015 2402 ostium
1032 2344 1229 2419 Camerarius,

104 2439 283 2506 obsideatur
305 2448 349 2506 ed.
373 2467 419 2525 pr.
469 2446 560 2522 paret
581 2447 717 2506 Mueller.
741 2475 783 2487 -
813 2448 884 2506 861.
918 2440 1026 2506 Otium
1048 2446 1094 2508 ed.
1117 2468 1164 2526 pr.
1188 2451 1230 2486 —'—

104 2551 177 2608 861.
200 2543 259 2608 tos
281 2544 349 2610 dies
370 2544 505 2629 aliquos,
529 2569 556 2610 v.
580 2549 618 2608 sd
640 2549 718 2609 Men.
744 2550 815 2609 931.
840 2578 879 2589 -
905 2550 976 2608 863.
998 2543 1120 2610 Amabo
1142 2550 1229 2610 Both.

103 2666 141 2710 eo
159 2651 289 2729 addsp.
329 2653 423 2729 opust
438 2651 519 2712 Cam.
565 2646 607 2712 ln
622 2667 690 2712 rem
705 2652 841 2712 66666661
856 2652 943 2711 8616.
962 2681 1003 2692 -
1028 2654 1098 2713 864.
1124 2647 1230 2732 aliquo

103 2751 364 2828 ciroonducc'tur,
399 2777 426 2816 v.
450 2756 488 2816 ad
510 2758 593 2817 Asin.
624 2758 675 2815 96.
703 2785 744 2796 -
774 2757 845 2815 865.
874 2737 983 2815 Meam
1008 2770 1074 2815 rem
1100 2751 1232 2834 siquid

103 2853 163 2919 hac
183 2874 218 2917 re
240 2852 356 2936 6119650
379 2860 543 2919 emendavi.
568 2889 609 2901 -
639 2860 709 2919 866.
742 2849 851 2930 aufere
872 2857 960 2917 Both.
1008 2855 1108 2932 „tum“
1134 2858 1231 2919 delevi

105 2980 173 3020 eum
197 2961 351 3021 Muellero.
398 2959 535 3024 unimam
557 2964 603 3023 sd.
627 2982 673 3040 pr.
696 2990 739 3003 -··
762 2963 834 3021 887.
858 2954 990 3021 Factum
1012 2955 1113 3036 aspie,
1137 2961 1175 3020 cl.
1194 2963 1232 3021 sd

105 3063 189 3124 Pers.
214 3066 284 3125 316.
314 3095 355 3106 -
385 3061 477 3126 aliter
503 3060 607 3140 fauere
627 3065 741 3144 Gepp.;
775 3063 842 3124 866.
866 3084 933 3123 cum
956 3063 1137 3139 Kiesslingio
1164 3085 1231 3140 ,ns-

105 3165 234 3240 fscere“,
269 3170 320 3246 qui
348 3169 426 3245 quod
449 3167 553 3229 Pseud.
579 3170 640 3228 437
669 3169 816 3242 allegent,
849 3167 924 3226 nihil
952 3175 1061 3244 egunt,
1094 3189 1163 3227 nem
1190 3168 1232 3226 ibi

109 3291 165 3344 „ue
187 3268 319 3330 1666666ιι
344 3273 505 3350 seperatim
528 3271 722 3332 scribendum.
749 3299 786 3310 -
812 3271 883 3330 868.
914 3285 975 3347 quo
997 3284 1086 3330 61663
1108 3271 1233 3348 scripsi;

106 3375 138 3432 iu
162 3374 285 3434 esudem
313 3377 490 3435 sententium
513 3375 614 3434 Herm.
641 3375 737 3448 „uude
766 3375 792 3432 ei
820 3370 936 3448 cures“‚
965 3373 1033 3433 866.
1060 3393 1133 3451 ,pro
1162 3393 1234 3434 cure

108 3475 188 3535 nes“.
212 3507 253 3517 -
277 3479 347 3538 869.
371 3478 560 3552 66168616,
582 3499 610 3539 v.
634 3479 672 3538 ed
695 3478 785 3536 Poen.
811 3479 881 3550 250,
905 3477 972 3536 Ter.
996 3475 1071 3535 Eun.
1099 3478 1169 3536 186.
1193 3505 1233 3515 -

108 3579 230 3640 ecastor
240 3580 328 3640 Both.
347 3611 389 3622 -
406 3583 478 3642 870.
500 3576 740 3642 mamebinan'us
758 3580 831 3657 quid
848 3581 948 3652 fuerit,
966 3582 1082 3654 ignoro.
1124 3579 1235 3639 Sensus

108 3685 248 3762 requirit:
286 3682 343 3758 „sd
370 3687 519 3762 tempus“.
585 3683 666 3744 (lem.
700 3678 939 3758 ,menubierius“
969 3682 1102 3758 scripsit,
1137 3679 1233 3760 Gepp.

112 3784 375 3865 „manipularius“,
399 3785 465 3847 Sch.
492 3783 727 3862 „consiliarius“.
757 3815 793 3826 -
827 3787 885 3845 671
911 3784 1067 3845 6660616.
1092 3813 1132 3824 —
1163 3785 1235 3843 872.

109 3884 247 3963 immin,
271 3889 340 3947 dum
364 3908 486 3948 uxorem
508 3887 612 3948 66666.
648 3882 1031 3950 eornmemoraditurcsm.
1049 3916 1092 3927 --
1108 3877 1236 3959 futatim

110 3992 166 4052 666
192 4011 252 4052 uno
279 3991 344 4050 1666
373 3998 479 4052 exstet.
534 3991 617 4052 Festi
638 3991 719 4071 Epit.
742 4011 773 4069 p.
798 3993 853 4052 89;
891 3991 1008 4066 „lutere
1032 3994 1235 4068 urguere-est,

110 4093 189 4156 uude
216 4101 247 4153 61
269 4091 452 4154 confuture“.
508 4095 627 4155 Addere
658 4101 778 4173 poteret
809 4101 858 4168 ,et
886 4090 1055 4168 reintere“;
1088 4093 1141 4152 sed
1170 4111 1236 4169 que

111 4198 196 4257 addit
222 4196 364 4257 Catonem
392 4196 449 4255 666
475 4216 531 4275 pro
563 4200 688 4275 „sepius
717 4193 827 4256 fuisse“
857 4198 1005 4276 posuisse,
1040 4203 1071 4254 et
1097 4195 1238 4254 Placidus

110 4322 140 4379 p.
163 4303 219 4358 45:
257 4299 426 4374 ,futsuere,
461 4297 561 4359 fuere“
593 4320 717 4379 prorsus
744 4298 920 4359 incredibile
948 4305 1002 4358 est.
1058 4297 1168 4356 Verum
1190 4300 1236 4358 iu·

108 4405 225 4462 venisse
259 4404 378 4462 videtur
411 4401 543 4480 Lipsius:
589 4397 762 4478 ,surutim“,
792 4404 928 4479 quumvis
956 4401 1019 4461 666
1049 4400 1146 4458 forms
1178 4418 1237 4458 non

198 4513 227 4556 V·
999 4513 1034 4568 42
