<?xml version="1.0" encoding="UTF-8"?>
<!DOCTYPE html PUBLIC "-//W3C//DTD XHTML 1.0 Transitional//EN"
    "http://www.w3.org/TR/xhtml1/DTD/xhtml1-transitional.dtd">
<html xmlns="http://www.w3.org/1999/xhtml" xml:lang="en" lang="en">
 <head>
  <title>
</title>
<meta http-equiv="Content-Type" content="text/html;charset=utf-8" />
  <meta name='ocr-system' content='tesseract 3.04.00' />
  <meta name='ocr-capabilities' content='ocr_page ocr_carea ocr_par ocr_line ocrx_word'/>
</head>
<body>
  <div class='ocr_page' id='page_1' title='image "./tmacciiplautico04ussigoog_0550.png"; bbox 0 0 2920 4998; ppageno 0'>
   <div class='ocr_carea' id='block_1_1' title="bbox 533 456 1186 522">
    <p class='ocr_par' dir='ltr' id='par_1_1' title="bbox 533 456 1186 522">
     <span class='ocr_line' id='line_1_1' title="bbox 533 456 1186 522; baseline 0.005 -16"><span class='ocrx_word' id='word_1_1' title='bbox 533 456 564 511; x_wconf 90' lang='lat' dir='ltr'>V.</span> <span class='ocrx_word' id='word_1_2' title='bbox 583 457 727 510; x_wconf 76' lang='lat' dir='ltr'>sle—457.</span> <span class='ocrx_word' id='word_1_3' title='bbox 753 505 756 508; x_wconf 90' lang='lat'>.</span> <span class='ocrx_word' id='word_1_4' title='bbox 1128 461 1186 522; x_wconf 78' lang='lat'><strong>541</strong></span> 
     </span>
    </p>
   </div>
   <div class='ocr_carea' id='block_1_2' title="bbox 45 648 1285 4008">
    <p class='ocr_par' dir='ltr' id='par_1_2' title="bbox 45 648 1189 933">
     <span class='ocr_line' id='line_1_2' title="bbox 47 648 1189 727; baseline -0.001 -18"><span class='ocrx_word' id='word_1_5' title='bbox 47 652 144 710; x_wconf 87' lang='lat' dir='ltr'><strong>hunc</strong></span> <span class='ocrx_word' id='word_1_6' title='bbox 179 653 258 710; x_wconf 88' lang='lat' dir='ltr'><strong>diem</strong></span> <span class='ocrx_word' id='word_1_7' title='bbox 291 653 318 709; x_wconf 89' lang='lat' dir='ltr'><strong>ei</strong></span> <span class='ocrx_word' id='word_1_8' title='bbox 356 650 465 710; x_wconf 85' lang='lat' dir='ltr'><strong>dedere</strong></span> <span class='ocrx_word' id='word_1_9' title='bbox 500 651 589 722; x_wconf 89' lang='lat' dir='ltr'><strong>dixit,</strong></span> <span class='ocrx_word' id='word_1_10' title='bbox 631 652 715 726; x_wconf 88' lang='lat' dir='ltr'><strong>quasi</strong></span> <span class='ocrx_word' id='word_1_11' title='bbox 752 650 787 708; x_wconf 92' lang='lat' dir='ltr'><strong>de</strong></span> <span class='ocrx_word' id='word_1_12' title='bbox 821 669 907 708; x_wconf 86' lang='lat' dir='ltr'><strong>servo</strong></span> <span class='ocrx_word' id='word_1_13' title='bbox 941 648 978 708; x_wconf 85' lang='lat' dir='ltr'><strong>ad</strong></span> <span class='ocrx_word' id='word_1_14' title='bbox 1012 650 1189 727; x_wconf 87' lang='lat' dir='ltr'><strong>supplicium</strong></span> 
     </span>
     <span class='ocr_line' id='line_1_3' title="bbox 45 748 1189 830; baseline -0.003 -18"><span class='ocrx_word' id='word_1_15' title='bbox 45 755 167 812; x_wconf 83' lang='lat' dir='ltr'><strong>dedito</strong></span> <span class='ocrx_word' id='word_1_16' title='bbox 196 772 294 812; x_wconf 84' lang='lat' dir='ltr'><strong>sermo</strong></span> <span class='ocrx_word' id='word_1_17' title='bbox 321 754 374 825; x_wconf 87' lang='lat' dir='ltr'><strong>sit,</strong></span> <span class='ocrx_word' id='word_1_18' title='bbox 406 773 438 811; x_wconf 91' lang='lat' dir='ltr'><strong>se</strong></span> <span class='ocrx_word' id='word_1_19' title='bbox 466 773 533 812; x_wconf 82' lang='lat' dir='ltr'><strong>aum</strong></span> <span class='ocrx_word' id='word_1_20' title='bbox 563 748 815 812; x_wconf 75' lang='lat' dir='ltr'><strong>excruciatm&#39;am</strong></span> <span class='ocrx_word' id='word_1_21' title='bbox 838 752 1012 830; x_wconf 85' lang='lat' dir='ltr'><strong>respondet3</strong></span> <span class='ocrx_word' id='word_1_22' title='bbox 1041 753 1076 810; x_wconf 88' lang='lat' dir='ltr'>cf.</span> <span class='ocrx_word' id='word_1_23' title='bbox 1101 753 1189 810; x_wconf 90' lang='lat' dir='ltr'><strong>etiam</strong></span> 
     </span>
     <span class='ocr_line' id='line_1_4' title="bbox 55 854 358 933; baseline 0 -19"><span class='ocrx_word' id='word_1_24' title='bbox 55 854 221 930; x_wconf 72' lang='lat' dir='ltr'><strong>‚,lacero“,</strong></span> <span class='ocrx_word' id='word_1_25' title='bbox 235 879 261 914; x_wconf 88' lang='lat' dir='ltr'><strong>v.</strong></span> <span class='ocrx_word' id='word_1_26' title='bbox 275 858 358 933; x_wconf 78' lang='grc' dir='ltr'><strong>Ι455.</strong></span> 
     </span>
    </p>

    <p class='ocr_par' dir='ltr' id='par_1_3' title="bbox 49 953 1285 4008">
     <span class='ocr_line' id='line_1_5' title="bbox 153 953 1190 1034; baseline -0.002 -18"><span class='ocrx_word' id='word_1_27' title='bbox 153 961 224 1018; x_wconf 86' lang='grc'>438.</span> <span class='ocrx_word' id='word_1_28' title='bbox 253 973 314 1032; x_wconf 77' lang='lat' dir='ltr'><strong>per</strong></span> <span class='ocrx_word' id='word_1_29' title='bbox 336 954 467 1030; x_wconf 81' lang='lat' dir='ltr'><strong>tortam,</strong></span> <span class='ocrx_word' id='word_1_30' title='bbox 491 957 526 1015; x_wconf 84' lang='lat' dir='ltr'>cf.</span> <span class='ocrx_word' id='word_1_31' title='bbox 547 958 584 1014; x_wconf 85' lang='lat' dir='ltr'><strong>ad</strong></span> <span class='ocrx_word' id='word_1_32' title='bbox 601 955 690 1034; x_wconf 88' lang='lat' dir='ltr'><strong>Epid.</strong></span> <span class='ocrx_word' id='word_1_33' title='bbox 715 959 784 1016; x_wconf 84' lang='lat'>658.</span> <span class='ocrx_word' id='word_1_34' title='bbox 807 985 846 996; x_wconf 90' lang='lat'><em>-</em></span> <span class='ocrx_word' id='word_1_35' title='bbox 872 959 944 1016; x_wconf 83' lang='lat'>439.</span> <span class='ocrx_word' id='word_1_36' title='bbox 969 953 1081 1030; x_wconf 73' lang='lat' dir='ltr'><strong>eadem,</strong></span> <span class='ocrx_word' id='word_1_37' title='bbox 1107 979 1134 1016; x_wconf 85' lang='lat' dir='ltr'><strong>v.</strong></span> <span class='ocrx_word' id='word_1_38' title='bbox 1152 957 1190 1014; x_wconf 84' lang='lat' dir='ltr'><strong>ad</strong></span> 
     </span>
     <span class='ocr_line' id='line_1_6' title="bbox 49 1055 1189 1136; baseline -0.004 -16"><span class='ocrx_word' id='word_1_39' title='bbox 49 1062 149 1120; x_wconf 86' lang='lat' dir='ltr'><strong>Pers.</strong></span> <span class='ocrx_word' id='word_1_40' title='bbox 175 1063 246 1119; x_wconf 89' lang='grc'>444.</span> <span class='ocrx_word' id='word_1_41' title='bbox 268 1091 311 1120; x_wconf 89' lang='grc'><strong>-,</strong></span> <span class='ocrx_word' id='word_1_42' title='bbox 334 1063 405 1120; x_wconf 89' lang='lat'>441.</span> <span class='ocrx_word' id='word_1_43' title='bbox 431 1055 596 1134; x_wconf 72' lang='lat' dir='ltr'><strong>opsonatu,</strong></span> <span class='ocrx_word' id='word_1_44' title='bbox 620 1079 688 1132; x_wconf 83' lang='lat' dir='ltr'><strong>nan,</strong></span> <span class='ocrx_word' id='word_1_45' title='bbox 713 1065 748 1117; x_wconf 86' lang='lat' dir='ltr'><strong>ut</strong></span> <span class='ocrx_word' id='word_1_46' title='bbox 771 1057 887 1131; x_wconf 90' lang='lat' dir='ltr'><strong>divites,</strong></span> <span class='ocrx_word' id='word_1_47' title='bbox 916 1061 1012 1136; x_wconf 84' lang='lat' dir='ltr'><strong>pisces</strong></span> <span class='ocrx_word' id='word_1_48' title='bbox 1035 1063 1065 1116; x_wconf 88' lang='lat' dir='ltr'><strong>et</strong></span> <span class='ocrx_word' id='word_1_49' title='bbox 1086 1059 1189 1133; x_wconf 87' lang='lat' dir='ltr'><strong>altilia,</strong></span> 
     </span>
     <span class='ocr_line' id='line_1_7' title="bbox 49 1161 1190 1239; baseline -0.002 -17"><span class='ocrx_word' id='word_1_50' title='bbox 49 1165 116 1222; x_wconf 83' lang='lat' dir='ltr'><strong>sed</strong></span> <span class='ocrx_word' id='word_1_51' title='bbox 139 1163 282 1234; x_wconf 85' lang='lat' dir='ltr'><strong>modeste,</strong></span> <span class='ocrx_word' id='word_1_52' title='bbox 306 1167 340 1220; x_wconf 91' lang='lat' dir='ltr'><strong>ut</strong></span> <span class='ocrx_word' id='word_1_53' title='bbox 361 1163 439 1220; x_wconf 86' lang='lat' dir='ltr'><strong>servi</strong></span> <span class='ocrx_word' id='word_1_54' title='bbox 462 1182 532 1239; x_wconf 86' lang='lat' dir='ltr'><strong>opes</strong></span> <span class='ocrx_word' id='word_1_55' title='bbox 554 1161 699 1232; x_wconf 86' lang='lat' dir='ltr'><strong>ferebant,</strong></span> <span class='ocrx_word' id='word_1_56' title='bbox 723 1184 750 1221; x_wconf 86' lang='lat' dir='ltr'><strong>v.</strong></span> <span class='ocrx_word' id='word_1_57' title='bbox 776 1163 836 1220; x_wconf 89' lang='grc'><strong>688</strong></span> <span class='ocrx_word' id='word_1_58' title='bbox 860 1181 904 1238; x_wconf 91' lang='lat' dir='ltr'>sq.</span> <span class='ocrx_word' id='word_1_59' title='bbox 927 1190 968 1201; x_wconf 96' lang='lat'><strong>·-</strong></span> <span class='ocrx_word' id='word_1_60' title='bbox 997 1163 1068 1220; x_wconf 80' lang='lat'>442.</span> <span class='ocrx_word' id='word_1_61' title='bbox 1098 1175 1190 1238; x_wconf 78' lang='lat' dir='ltr'><strong>quom</strong></span> 
     </span>
     <span class='ocr_line' id='line_1_8' title="bbox 52 1261 1188 1342; baseline -0.002 -16"><span class='ocrx_word' id='word_1_62' title='bbox 52 1261 133 1326; x_wconf 75' lang='lat' dir='ltr'><strong>iam</strong></span> <span class='ocrx_word' id='word_1_63' title='bbox 156 1265 252 1338; x_wconf 82' lang='lat' dir='ltr'><strong>edidi3</strong></span> <span class='ocrx_word' id='word_1_64' title='bbox 282 1263 384 1324; x_wconf 82' lang='lat' dir='ltr'><strong>Gcetn.</strong></span> <span class='ocrx_word' id='word_1_65' title='bbox 411 1261 598 1342; x_wconf 82' lang='lat' dir='ltr'><strong>„quoniam“.</strong></span> <span class='ocrx_word' id='word_1_66' title='bbox 623 1293 664 1304; x_wconf 88' lang='lat'><strong>·-</strong></span> <span class='ocrx_word' id='word_1_67' title='bbox 695 1265 755 1324; x_wconf 89' lang='lat'><strong>443</strong></span> <span class='ocrx_word' id='word_1_68' title='bbox 785 1263 942 1324; x_wconf 79' lang='lat' dir='ltr'><strong>admodum</strong></span> <span class='ocrx_word' id='word_1_69' title='bbox 966 1263 1087 1334; x_wconf 88' lang='lat' dir='ltr'><strong>dubius,</strong></span> <span class='ocrx_word' id='word_1_70' title='bbox 1115 1284 1188 1339; x_wconf 91' lang='lat' dir='ltr'><strong>quo·</strong></span> 
     </span>
     <span class='ocr_line' id='line_1_9' title="bbox 52 1365 1188 1444; baseline -0.003 -17"><span class='ocrx_word' id='word_1_71' title='bbox 52 1371 147 1427; x_wconf 89' lang='lat' dir='ltr'><strong>niam</strong></span> <span class='ocrx_word' id='word_1_72' title='bbox 165 1368 212 1427; x_wconf 86' lang='lat' dir='ltr'><strong>vel</strong></span> <span class='ocrx_word' id='word_1_73' title='bbox 229 1387 330 1426; x_wconf 87' lang='lat' dir='ltr'><strong>earum</strong></span> <span class='ocrx_word' id='word_1_74' title='bbox 353 1367 531 1441; x_wconf 85' lang='lat' dir='ltr'><strong>litterarum,</strong></span> <span class='ocrx_word' id='word_1_75' title='bbox 556 1388 621 1444; x_wconf 80' lang='lat' dir='ltr'><strong>quae</strong></span> <span class='ocrx_word' id='word_1_76' title='bbox 644 1368 828 1444; x_wconf 84' lang='lat' dir='ltr'><strong>aliquatenus</strong></span> <span class='ocrx_word' id='word_1_77' title='bbox 849 1366 909 1440; x_wconf 77' lang='lat' dir='ltr'><strong>legi</strong></span> <span class='ocrx_word' id='word_1_78' title='bbox 931 1385 1019 1442; x_wconf 89' lang='lat' dir='ltr'><strong>posse</strong></span> <span class='ocrx_word' id='word_1_79' title='bbox 1041 1365 1188 1440; x_wconf 85' lang='lat' dir='ltr'><strong>videntur,</strong></span> 
     </span>
     <span class='ocr_line' id='line_1_10' title="bbox 53 1467 1189 1550; baseline 0.001 -23"><span class='ocrx_word' id='word_1_80' title='bbox 53 1469 216 1550; x_wconf 61' lang='lat' dir='ltr'><strong>pleraque</strong></span> <span class='ocrx_word' id='word_1_81' title='bbox 249 1471 369 1528; x_wconf 82' lang='lat' dir='ltr'><strong>incertae</strong></span> <span class='ocrx_word' id='word_1_82' title='bbox 403 1473 481 1528; x_wconf 87' lang='lat' dir='ltr'><strong>sunt.</strong></span> <span class='ocrx_word' id='word_1_83' title='bbox 545 1469 676 1545; x_wconf 80' lang='lat' dir='ltr'><strong>Buggius</strong></span> <span class='ocrx_word' id='word_1_84' title='bbox 706 1469 812 1544; x_wconf 87' lang='lat' dir='ltr'><strong>Opusc.</strong></span> <span class='ocrx_word' id='word_1_85' title='bbox 841 1469 879 1526; x_wconf 83' lang='lat' dir='ltr'><strong>ad</strong></span> <span class='ocrx_word' id='word_1_86' title='bbox 906 1467 1038 1541; x_wconf 82' lang='lat' dir='ltr'>Madvig.</span> <span class='ocrx_word' id='word_1_87' title='bbox 1067 1489 1097 1545; x_wconf 93' lang='lat' dir='ltr'><strong>p.</strong></span> <span class='ocrx_word' id='word_1_88' title='bbox 1131 1472 1189 1544; x_wconf 78' lang='grc'><strong>182</strong></span> 
     </span>
     <span class='ocr_line' id='line_1_11' title="bbox 56 1569 1190 1649; baseline -0.001 -17"><span class='ocrx_word' id='word_1_89' title='bbox 56 1573 277 1632; x_wconf 84' lang='lat' dir='ltr'><strong>Ritaahelianie</strong></span> <span class='ocrx_word' id='word_1_90' title='bbox 305 1576 422 1630; x_wconf 84' lang='lat' dir='ltr'><strong>tantum</strong></span> <span class='ocrx_word' id='word_1_91' title='bbox 450 1574 543 1649; x_wconf 85' lang='lat' dir='ltr'><strong>copiis</strong></span> <span class='ocrx_word' id='word_1_92' title='bbox 572 1573 615 1629; x_wconf 85' lang='lat' dir='ltr'><strong>uti</strong></span> <span class='ocrx_word' id='word_1_93' title='bbox 645 1575 754 1647; x_wconf 89' lang='lat' dir='ltr'><strong>potuit.</strong></span> <span class='ocrx_word' id='word_1_94' title='bbox 800 1570 944 1630; x_wconf 89' lang='lat' dir='ltr'>Leol.1.</span> <span class='ocrx_word' id='word_1_95' title='bbox 969 1569 1190 1631; x_wconf 77' lang='lat' dir='ltr'><strong>dubitabundus</strong></span> 
     </span>
     <span class='ocr_line' id='line_1_12' title="bbox 55 1670 1186 1752; baseline 0 -20"><span class='ocrx_word' id='word_1_96' title='bbox 55 1677 239 1752; x_wconf 80' lang='lat' dir='ltr'><strong>proposuit:</strong></span> <span class='ocrx_word' id='word_1_97' title='bbox 282 1675 409 1748; x_wconf 84' lang='lat' dir='ltr'><strong>„Sernes</strong></span> <span class='ocrx_word' id='word_1_98' title='bbox 443 1675 530 1733; x_wconf 90' lang='lat' dir='ltr'><strong>homo</strong></span> <span class='ocrx_word' id='word_1_99' title='bbox 562 1675 668 1750; x_wconf 88' lang='lat' dir='ltr'><strong>quibus</strong></span> <span class='ocrx_word' id='word_1_100' title='bbox 702 1675 730 1731; x_wconf 91' lang='lat' dir='ltr'><strong>ei</strong></span> <span class='ocrx_word' id='word_1_101' title='bbox 759 1672 890 1731; x_wconf 79' lang='lat' dir='ltr'><strong>obteram</strong></span> <span class='ocrx_word' id='word_1_102' title='bbox 924 1691 1023 1730; x_wconf 84' lang='lat' dir='ltr'><strong>aenam</strong></span> <span class='ocrx_word' id='word_1_103' title='bbox 1051 1670 1186 1734; x_wconf 83' lang='lat' dir='ltr'><strong>modis?“</strong></span> 
     </span>
     <span class='ocr_line' id='line_1_13' title="bbox 57 1775 1190 1855; baseline -0.002 -19"><span class='ocrx_word' id='word_1_104' title='bbox 57 1778 173 1836; x_wconf 86' lang='lat' dir='ltr'><strong>Potius</strong></span> <span class='ocrx_word' id='word_1_105' title='bbox 201 1778 261 1835; x_wconf 88' lang='lat' dir='ltr'><strong>tale</strong></span> <span class='ocrx_word' id='word_1_106' title='bbox 290 1777 361 1853; x_wconf 91' lang='lat' dir='ltr'><strong>quid</strong></span> <span class='ocrx_word' id='word_1_107' title='bbox 389 1780 565 1855; x_wconf 79' lang='lat' dir='ltr'><strong>requiritur:</strong></span> <span class='ocrx_word' id='word_1_108' title='bbox 606 1776 667 1844; x_wconf 88' lang='lat' dir='ltr'><strong>„Ne</strong></span> <span class='ocrx_word' id='word_1_109' title='bbox 690 1781 818 1852; x_wconf 85' lang='lat' dir='ltr'><strong>cessent,</strong></span> <span class='ocrx_word' id='word_1_110' title='bbox 853 1775 960 1851; x_wconf 87' lang='lat' dir='ltr'><strong>quibus</strong></span> <span class='ocrx_word' id='word_1_111' title='bbox 983 1795 1037 1852; x_wconf 83' lang='lat' dir='ltr'><strong>ego</strong></span> <span class='ocrx_word' id='word_1_112' title='bbox 1060 1776 1190 1834; x_wconf 83' lang='lat' dir='ltr'><strong>obseram</strong></span> 
     </span>
     <span class='ocr_line' id='line_1_14' title="bbox 58 1874 1241 1950; baseline -0.001 -12"><span class='ocrx_word' id='word_1_113' title='bbox 58 1899 170 1938; x_wconf 87' lang='lat' dir='ltr'><strong>cenam</strong></span> <span class='ocrx_word' id='word_1_114' title='bbox 194 1877 319 1938; x_wconf 85' lang='lat' dir='ltr'><strong>meam“.</strong></span> <span class='ocrx_word' id='word_1_115' title='bbox 344 1910 384 1920; x_wconf 89' lang='lat'>-</span> <span class='ocrx_word' id='word_1_116' title='bbox 410 1882 485 1938; x_wconf 91' lang='lat'>444.</span> <span class='ocrx_word' id='word_1_117' title='bbox 515 1874 754 1950; x_wconf 61' lang='lat' dir='ltr'><strong>Aduersitoaw,</strong></span> <span class='ocrx_word' id='word_1_118' title='bbox 783 1883 816 1936; x_wconf 90' lang='lat' dir='ltr'><strong>ut</strong></span> <span class='ocrx_word' id='word_1_119' title='bbox 838 1880 881 1935; x_wconf 92' lang='lat' dir='ltr'><strong>ait</strong></span> <span class='ocrx_word' id='word_1_120' title='bbox 902 1876 1037 1950; x_wconf 82' lang='lat' dir='ltr'><strong>Donatus</strong></span> <span class='ocrx_word' id='word_1_121' title='bbox 1060 1879 1099 1936; x_wconf 86' lang='lat' dir='ltr'><strong>ad</strong></span> <span class='ocrx_word' id='word_1_122' title='bbox 1121 1879 1189 1939; x_wconf 87' lang='lat' dir='ltr'><strong>Ter.</strong></span> <span class='ocrx_word' id='word_1_123' title='bbox 1239 1927 1241 1931; x_wconf 92' lang='lat'>.</span> 
     </span>
     <span class='ocr_line' id='line_1_15' title="bbox 57 1980 1191 2059; baseline 0 -19"><span class='ocrx_word' id='word_1_124' title='bbox 57 1983 122 2042; x_wconf 81' lang='lat' dir='ltr'>Ad.</span> <span class='ocrx_word' id='word_1_125' title='bbox 146 1983 219 2056; x_wconf 86' lang='lat'>1,1‚</span> <span class='ocrx_word' id='word_1_126' title='bbox 244 1985 271 2054; x_wconf 77' lang='lat'><strong>2,</strong></span> <span class='ocrx_word' id='word_1_127' title='bbox 294 1984 416 2059; x_wconf 86' lang='lat' dir='ltr'><strong>proprie</strong></span> <span class='ocrx_word' id='word_1_128' title='bbox 438 1982 579 2041; x_wconf 89' lang='lat' dir='ltr'><strong>dicuntur</strong></span> <span class='ocrx_word' id='word_1_129' title='bbox 602 1982 680 2040; x_wconf 88' lang='lat' dir='ltr'><strong>servi</strong></span> <span class='ocrx_word' id='word_1_130' title='bbox 704 1983 756 2059; x_wconf 91' lang='lat' dir='ltr'><strong>qui</strong></span> <span class='ocrx_word' id='word_1_131' title='bbox 778 1980 933 2039; x_wconf 87' lang='lat' dir='ltr'><strong>adversum</strong></span> <span class='ocrx_word' id='word_1_132' title='bbox 950 1982 1082 2054; x_wconf 78' lang='lat' dir='ltr'><strong>veniunt,</strong></span> <span class='ocrx_word' id='word_1_133' title='bbox 1105 2001 1132 2039; x_wconf 88' lang='lat' dir='ltr'><strong>v.</strong></span> <span class='ocrx_word' id='word_1_134' title='bbox 1152 1981 1191 2040; x_wconf 86' lang='lat' dir='ltr'><strong>ad</strong></span> 
     </span>
     <span class='ocr_line' id='line_1_16' title="bbox 58 2079 1191 2160; baseline 0 -17"><span class='ocrx_word' id='word_1_135' title='bbox 58 2085 158 2144; x_wconf 83' lang='lat' dir='ltr'><strong>Most.</strong></span> <span class='ocrx_word' id='word_1_136' title='bbox 184 2086 253 2145; x_wconf 81' lang='lat'>306.</span> <span class='ocrx_word' id='word_1_137' title='bbox 278 2113 319 2124; x_wconf 93' lang='lat'><em>-</em></span> <span class='ocrx_word' id='word_1_138' title='bbox 342 2086 413 2142; x_wconf 83' lang='grc'>445.</span> <span class='ocrx_word' id='word_1_139' title='bbox 447 2084 537 2160; x_wconf 81' lang='lat' dir='ltr'><strong>„Dari</strong></span> <span class='ocrx_word' id='word_1_140' title='bbox 560 2090 594 2141; x_wconf 92' lang='lat' dir='ltr'><strong>ut</strong></span> <span class='ocrx_word' id='word_1_141' title='bbox 617 2079 702 2141; x_wconf 89' lang='lat' dir='ltr'><strong>eum“</strong></span> <span class='ocrx_word' id='word_1_142' title='bbox 728 2083 766 2140; x_wconf 89' lang='lat' dir='ltr'><strong>ab</strong></span> <span class='ocrx_word' id='word_1_143' title='bbox 788 2081 874 2142; x_wconf 90' lang='lat' dir='ltr'><strong>initio</strong></span> <span class='ocrx_word' id='word_1_144' title='bbox 896 2083 1009 2159; x_wconf 84' lang='lat' dir='ltr'><strong>legerat</strong></span> <span class='ocrx_word' id='word_1_145' title='bbox 1031 2083 1137 2158; x_wconf 86' lang='lat' dir='ltr'><strong>Maius,</strong></span> <span class='ocrx_word' id='word_1_146' title='bbox 1160 2090 1191 2143; x_wconf 82' lang='lat' dir='ltr'><strong>et</strong></span> 
     </span>
     <span class='ocr_line' id='line_1_17' title="bbox 59 2183 1188 2265; baseline 0.002 -21"><span class='ocrx_word' id='word_1_147' title='bbox 59 2190 105 2246; x_wconf 85' lang='lat' dir='ltr'><strong>sic</strong></span> <span class='ocrx_word' id='word_1_148' title='bbox 131 2186 251 2261; x_wconf 72' lang='lat' dir='ltr'><strong>Gesta:</strong></span> <span class='ocrx_word' id='word_1_149' title='bbox 287 2187 385 2247; x_wconf 83' lang='lat' dir='ltr'>Loew.</span> <span class='ocrx_word' id='word_1_150' title='bbox 409 2183 458 2246; x_wconf 74' lang='lat' dir='ltr'><strong>aa</strong></span> <span class='ocrx_word' id='word_1_151' title='bbox 485 2183 550 2246; x_wconf 83' lang='lat' dir='ltr'><strong>iam</strong></span> <span class='ocrx_word' id='word_1_152' title='bbox 572 2187 663 2262; x_wconf 78' lang='lat' dir='ltr'><strong>legit,</strong></span> <span class='ocrx_word' id='word_1_153' title='bbox 698 2186 778 2262; x_wconf 91' lang='lat' dir='ltr'><strong>quod</strong></span> <span class='ocrx_word' id='word_1_154' title='bbox 800 2188 926 2244; x_wconf 79' lang='lat' dir='ltr'><strong>retinuit</strong></span> <span class='ocrx_word' id='word_1_155' title='bbox 948 2184 1024 2263; x_wconf 86' lang='lat' dir='ltr'><strong>Lao,</strong></span> <span class='ocrx_word' id='word_1_156' title='bbox 1058 2192 1092 2245; x_wconf 89' lang='lat' dir='ltr'><strong>ut</strong></span> <span class='ocrx_word' id='word_1_157' title='bbox 1119 2207 1188 2265; x_wconf 90' lang='lat' dir='ltr'><strong>pro·</strong></span> 
     </span>
     <span class='ocr_line' id='line_1_18' title="bbox 61 2281 1191 2366; baseline 0 -18"><span class='ocrx_word' id='word_1_158' title='bbox 61 2309 176 2348; x_wconf 89' lang='lat' dir='ltr'><strong>nomen</strong></span> <span class='ocrx_word' id='word_1_159' title='bbox 199 2294 303 2366; x_wconf 86' lang='lat' dir='ltr'><strong>poetes</strong></span> <span class='ocrx_word' id='word_1_160' title='bbox 332 2290 466 2350; x_wconf 79' lang='lat' dir='ltr'><strong>adderet.</strong></span> <span class='ocrx_word' id='word_1_161' title='bbox 522 2281 749 2348; x_wconf 76' lang='lat' dir='ltr'><strong>aerbcrabundi</strong></span> <span class='ocrx_word' id='word_1_162' title='bbox 777 2288 909 2365; x_wconf 82' lang='lat' dir='ltr'><strong>Buggius</strong></span> <span class='ocrx_word' id='word_1_163' title='bbox 937 2290 957 2348; x_wconf 96' lang='lat'><strong>1.</strong></span> <span class='ocrx_word' id='word_1_164' title='bbox 981 2290 1017 2362; x_wconf 87' lang='lat' dir='ltr'>l.‚</span> <span class='ocrx_word' id='word_1_165' title='bbox 1052 2294 1191 2364; x_wconf 89' lang='lat' dir='ltr'><strong>quoniam</strong></span> 
     </span>
     <span class='ocr_line' id='line_1_19' title="bbox 60 2387 1189 2469; baseline 0.003 -20"><span class='ocrx_word' id='word_1_166' title='bbox 60 2395 187 2468; x_wconf 80' lang='lat' dir='ltr'><strong>passive</strong></span> <span class='ocrx_word' id='word_1_167' title='bbox 224 2394 268 2450; x_wconf 82' lang='lat' dir='ltr'><strong>vie</strong></span> <span class='ocrx_word' id='word_1_168' title='bbox 309 2392 455 2451; x_wconf 89' lang='lat' dir='ltr'><strong>eiusmodi</strong></span> <span class='ocrx_word' id='word_1_169' title='bbox 497 2393 651 2452; x_wconf 86' lang='lat' dir='ltr'><strong>adiectivis</strong></span> <span class='ocrx_word' id='word_1_170' title='bbox 698 2412 842 2469; x_wconf 84' lang='lat' dir='ltr'><strong>nusquam</strong></span> <span class='ocrx_word' id='word_1_171' title='bbox 876 2393 1027 2452; x_wconf 78' lang='lat' dir='ltr'><strong>tribuitur.</strong></span> <span class='ocrx_word' id='word_1_172' title='bbox 1063 2423 1101 2434; x_wconf 91' lang='lat'><em>-</em></span> <span class='ocrx_word' id='word_1_173' title='bbox 1136 2387 1189 2454; x_wconf 80' lang='lat' dir='ltr'><strong>ab·</strong></span> 
     </span>
     <span class='ocr_line' id='line_1_20' title="bbox 62 2493 1193 2573; baseline 0.002 -19"><span class='ocrx_word' id='word_1_174' title='bbox 62 2493 183 2555; x_wconf 75' lang='lat' dir='ltr'><strong>ducant</strong></span> <span class='ocrx_word' id='word_1_175' title='bbox 205 2516 241 2553; x_wconf 90' lang='lat' dir='ltr'><strong>an</strong></span> <span class='ocrx_word' id='word_1_176' title='bbox 265 2494 413 2554; x_wconf 82' lang='lat' dir='ltr'><strong>adducant</strong></span> <span class='ocrx_word' id='word_1_177' title='bbox 434 2497 466 2554; x_wconf 90' lang='lat' dir='ltr'><strong>in</strong></span> <span class='ocrx_word' id='word_1_178' title='bbox 488 2496 552 2554; x_wconf 89' lang='lat' dir='ltr'><strong>cod.</strong></span> <span class='ocrx_word' id='word_1_179' title='bbox 576 2496 676 2570; x_wconf 85' lang='lat' dir='ltr'><strong>fuerit,</strong></span> <span class='ocrx_word' id='word_1_180' title='bbox 705 2515 764 2554; x_wconf 90' lang='lat' dir='ltr'><strong>non</strong></span> <span class='ocrx_word' id='word_1_181' title='bbox 787 2496 891 2571; x_wconf 90' lang='lat' dir='ltr'><strong>liquet.</strong></span> <span class='ocrx_word' id='word_1_182' title='bbox 914 2525 956 2532; x_wconf 97' lang='lat'><em>-</em></span> <span class='ocrx_word' id='word_1_183' title='bbox 979 2497 1050 2554; x_wconf 87' lang='lat'>446.</span> <span class='ocrx_word' id='word_1_184' title='bbox 1075 2497 1193 2573; x_wconf 74' lang='lat' dir='ltr'><strong>eyomet</strong></span> 
     </span>
     <span class='ocr_line' id='line_1_21' title="bbox 61 2593 1190 2674; baseline 0.001 -18"><span class='ocrx_word' id='word_1_185' title='bbox 61 2613 113 2656; x_wconf 86' lang='lat' dir='ltr'><strong>me</strong></span> <span class='ocrx_word' id='word_1_186' title='bbox 147 2612 267 2669; x_wconf 82' lang='lat' dir='ltr'><strong>moror,</strong></span> <span class='ocrx_word' id='word_1_187' title='bbox 304 2618 331 2656; x_wconf 81' lang='lat' dir='ltr'><strong>v.</strong></span> <span class='ocrx_word' id='word_1_188' title='bbox 361 2598 399 2656; x_wconf 90' lang='lat' dir='ltr'><strong>ad</strong></span> <span class='ocrx_word' id='word_1_189' title='bbox 428 2598 510 2656; x_wconf 88' lang='lat' dir='ltr'><strong>Most</strong></span> <span class='ocrx_word' id='word_1_190' title='bbox 544 2600 633 2657; x_wconf 84' lang='lat'>1043.</span> <span class='ocrx_word' id='word_1_191' title='bbox 690 2599 722 2658; x_wconf 89' lang='lat' dir='ltr'><strong>R.</strong></span> <span class='ocrx_word' id='word_1_192' title='bbox 754 2605 823 2657; x_wconf 88' lang='lat' dir='ltr'><strong>ante</strong></span> <span class='ocrx_word' id='word_1_193' title='bbox 850 2598 912 2656; x_wconf 81' lang='lat' dir='ltr'><strong>baec</strong></span> <span class='ocrx_word' id='word_1_194' title='bbox 944 2593 1033 2672; x_wconf 87' lang='lat' dir='ltr'><strong>„sed“</strong></span> <span class='ocrx_word' id='word_1_195' title='bbox 1065 2599 1190 2674; x_wconf 84' lang='lat' dir='ltr'><strong>addidit,</strong></span> 
     </span>
     <span class='ocr_line' id='line_1_22' title="bbox 64 2695 1189 2778; baseline 0.001 -18"><span class='ocrx_word' id='word_1_196' title='bbox 64 2721 126 2760; x_wconf 89' lang='lat' dir='ltr'><strong>non</strong></span> <span class='ocrx_word' id='word_1_197' title='bbox 156 2720 245 2778; x_wconf 86' lang='lat' dir='ltr'><strong>opus,</strong></span> <span class='ocrx_word' id='word_1_198' title='bbox 281 2722 308 2760; x_wconf 86' lang='lat' dir='ltr'><strong>v.</strong></span> <span class='ocrx_word' id='word_1_199' title='bbox 333 2699 371 2758; x_wconf 93' lang='lat' dir='ltr'><strong>ad</strong></span> <span class='ocrx_word' id='word_1_200' title='bbox 396 2702 444 2761; x_wconf 88' lang='grc'><strong>83.</strong></span> <span class='ocrx_word' id='word_1_201' title='bbox 479 2730 521 2740; x_wconf 93' lang='grc'>-</span> <span class='ocrx_word' id='word_1_202' title='bbox 555 2702 626 2760; x_wconf 87' lang='grc'>449.</span> <span class='ocrx_word' id='word_1_203' title='bbox 665 2695 757 2760; x_wconf 74' lang='lat' dir='ltr'><strong>Ia&#39;cet</strong></span> <span class='ocrx_word' id='word_1_204' title='bbox 777 2696 832 2760; x_wconf 78' lang='lat' dir='ltr'><strong>boc</strong></span> <span class='ocrx_word' id='word_1_205' title='bbox 853 2700 915 2774; x_wconf 70' lang='lat'><strong>1¹13</strong></span> <span class='ocrx_word' id='word_1_206' title='bbox 953 2700 1047 2776; x_wconf 78' lang='lat' dir='ltr'>Bugg.</span> <span class='ocrx_word' id='word_1_207' title='bbox 1072 2701 1189 2761; x_wconf 84' lang='lat' dir='ltr'><strong>Tidslrr.</strong></span> 
     </span>
     <span class='ocr_line' id='line_1_23' title="bbox 62 2799 1285 2886; baseline 0.002 -27"><span class='ocrx_word' id='word_1_208' title='bbox 62 2804 82 2862; x_wconf 83' lang='lat' dir='ltr'><strong>f.</strong></span> <span class='ocrx_word' id='word_1_209' title='bbox 109 2802 297 2862; x_wconf 85' lang='lat' dir='ltr'>Phi101.vss</span> <span class='ocrx_word' id='word_1_210' title='bbox 324 2824 353 2880; x_wconf 91' lang='lat' dir='ltr'><strong>p.</strong></span> <span class='ocrx_word' id='word_1_211' title='bbox 379 2805 433 2862; x_wconf 77' lang='lat'><strong>27:</strong></span> <span class='ocrx_word' id='word_1_212' title='bbox 475 2803 599 2878; x_wconf 86' lang='lat' dir='ltr'><strong>„Licent</strong></span> <span class='ocrx_word' id='word_1_213' title='bbox 632 2799 734 2863; x_wconf 87' lang='lat' dir='ltr'><strong>baec“.</strong></span> <span class='ocrx_word' id='word_1_214' title='bbox 793 2803 927 2862; x_wconf 87' lang='lat' dir='ltr'><strong>Mueller.</strong></span> <span class='ocrx_word' id='word_1_215' title='bbox 956 2802 1038 2861; x_wconf 90' lang='lat' dir='ltr'><strong>Pros.</strong></span> <span class='ocrx_word' id='word_1_216' title='bbox 1069 2822 1097 2878; x_wconf 88' lang='lat' dir='ltr'><strong>p.</strong></span> <span class='ocrx_word' id='word_1_217' title='bbox 1131 2805 1189 2862; x_wconf 88' lang='lat'><strong>118</strong></span> <span class='ocrx_word' id='word_1_218' title='bbox 1281 2879 1285 2886; x_wconf 91' lang='lat'><strong>.</strong></span> 
     </span>
     <span class='ocr_line' id='line_1_24' title="bbox 64 2893 1235 2982; baseline 0.002 -19"><span class='ocrx_word' id='word_1_219' title='bbox 64 2905 201 2965; x_wconf 87' lang='lat' dir='ltr'><strong>codicum</strong></span> <span class='ocrx_word' id='word_1_220' title='bbox 224 2907 400 2982; x_wconf 83' lang='lat' dir='ltr'><strong>scripturam</strong></span> <span class='ocrx_word' id='word_1_221' title='bbox 424 2905 581 2964; x_wconf 86' lang='lat' dir='ltr'><strong>defendere</strong></span> <span class='ocrx_word' id='word_1_222' title='bbox 606 2911 731 2966; x_wconf 84' lang='lat' dir='ltr'><strong>conatur</strong></span> <span class='ocrx_word' id='word_1_223' title='bbox 754 2907 845 2965; x_wconf 85' lang='lat' dir='ltr'><strong>allato</strong></span> <span class='ocrx_word' id='word_1_224' title='bbox 869 2905 945 2964; x_wconf 88' lang='lat' dir='ltr'><strong>Rud.</strong></span> <span class='ocrx_word' id='word_1_225' title='bbox 973 2906 1068 2964; x_wconf 77' lang='lat'>1209:</span> <span class='ocrx_word' id='word_1_226' title='bbox 1103 2905 1190 2978; x_wconf 87' lang='lat' dir='ltr'><strong>„Om·</strong></span> <span class='ocrx_word' id='word_1_227' title='bbox 1232 2893 1235 2902; x_wconf 47' lang='grc'>’</span> 
     </span>
     <span class='ocr_line' id='line_1_25' title="bbox 65 3002 1254 3086; baseline 0.002 -20"><span class='ocrx_word' id='word_1_228' title='bbox 65 3011 139 3066; x_wconf 86' lang='lat' dir='ltr'><strong>nien</strong></span> <span class='ocrx_word' id='word_1_229' title='bbox 167 3004 276 3067; x_wconf 76' lang='lat' dir='ltr'><strong>licat?“</strong></span> <span class='ocrx_word' id='word_1_230' title='bbox 312 3011 395 3066; x_wconf 88' lang='lat' dir='ltr'><strong>cuius</strong></span> <span class='ocrx_word' id='word_1_231' title='bbox 421 3029 481 3066; x_wconf 89' lang='lat' dir='ltr'><strong>nun</strong></span> <span class='ocrx_word' id='word_1_232' title='bbox 509 3029 632 3086; x_wconf 90' lang='lat' dir='ltr'><strong>prorsus</strong></span> <span class='ocrx_word' id='word_1_233' title='bbox 662 3009 764 3068; x_wconf 89' lang='lat' dir='ltr'><strong>eadem</strong></span> <span class='ocrx_word' id='word_1_234' title='bbox 793 3012 869 3068; x_wconf 88' lang='lat' dir='ltr'><strong>ratio</strong></span> <span class='ocrx_word' id='word_1_235' title='bbox 899 3014 953 3067; x_wconf 92' lang='lat' dir='ltr'><strong>est.</strong></span> <span class='ocrx_word' id='word_1_236' title='bbox 983 3035 1020 3047; x_wconf 90' lang='lat'>-</span> <span class='ocrx_word' id='word_1_237' title='bbox 1057 3002 1191 3069; x_wconf 74' lang='lat' dir='ltr'><strong>Athenis</strong></span> <span class='ocrx_word' id='word_1_238' title='bbox 1252 3053 1254 3058; x_wconf 69' lang='lat'>,</span> 
     </span>
     <span class='ocr_line' id='line_1_26' title="bbox 65 3111 1190 3188; baseline 0.001 -19"><span class='ocrx_word' id='word_1_239' title='bbox 65 3113 208 3170; x_wconf 89' lang='lat' dir='ltr'><strong>maiorem</strong></span> <span class='ocrx_word' id='word_1_240' title='bbox 231 3113 378 3170; x_wconf 82' lang='lat' dir='ltr'><strong>licentiam</strong></span> <span class='ocrx_word' id='word_1_241' title='bbox 401 3113 493 3169; x_wconf 89' lang='lat' dir='ltr'><strong>servis</strong></span> <span class='ocrx_word' id='word_1_242' title='bbox 517 3131 683 3171; x_wconf 83' lang='lat' dir='ltr'><strong>concessam</strong></span> <span class='ocrx_word' id='word_1_243' title='bbox 707 3131 771 3172; x_wconf 87' lang='lat' dir='ltr'><strong>esse</strong></span> <span class='ocrx_word' id='word_1_244' title='bbox 795 3131 881 3188; x_wconf 90' lang='lat' dir='ltr'><strong>quam</strong></span> <span class='ocrx_word' id='word_1_245' title='bbox 899 3111 1009 3181; x_wconf 81' lang='lat' dir='ltr'><strong>Romae,</strong></span> <span class='ocrx_word' id='word_1_246' title='bbox 1033 3113 1104 3170; x_wconf 86' lang='lat' dir='ltr'><strong>satis</strong></span> <span class='ocrx_word' id='word_1_247' title='bbox 1122 3132 1190 3170; x_wconf 90' lang='lat' dir='ltr'><strong>con·</strong></span> 
     </span>
     <span class='ocr_line' id='line_1_27' title="bbox 66 3207 1190 3291; baseline 0.003 -21"><span class='ocrx_word' id='word_1_248' title='bbox 66 3221 138 3288; x_wconf 80' lang='lat' dir='ltr'><strong>stat,</strong></span> <span class='ocrx_word' id='word_1_249' title='bbox 163 3214 198 3272; x_wconf 87' lang='lat' dir='ltr'>cf.</span> <span class='ocrx_word' id='word_1_250' title='bbox 222 3213 259 3271; x_wconf 87' lang='lat' dir='ltr'><strong>ad</strong></span> <span class='ocrx_word' id='word_1_251' title='bbox 282 3214 371 3273; x_wconf 83' lang='lat' dir='ltr'><strong>Most.</strong></span> <span class='ocrx_word' id='word_1_252' title='bbox 397 3215 466 3273; x_wconf 78' lang='lat'>706.</span> <span class='ocrx_word' id='word_1_253' title='bbox 508 3213 571 3273; x_wconf 82' lang='lat' dir='ltr'><strong>Cas.</strong></span> <span class='ocrx_word' id='word_1_254' title='bbox 597 3217 635 3272; x_wconf 86' lang='lat'><strong>68</strong></span> <span class='ocrx_word' id='word_1_255' title='bbox 661 3235 724 3291; x_wconf 82' lang='lat' dir='ltr'>sqq.</span> <span class='ocrx_word' id='word_1_256' title='bbox 748 3244 790 3254; x_wconf 90' lang='lat'><em>-</em></span> <span class='ocrx_word' id='word_1_257' title='bbox 819 3217 890 3273; x_wconf 86' lang='lat'>450.</span> <span class='ocrx_word' id='word_1_258' title='bbox 914 3207 1070 3272; x_wconf 78' lang='lat' dir='ltr'><strong>iaauidiam</strong></span> <span class='ocrx_word' id='word_1_259' title='bbox 1091 3215 1125 3273; x_wconf 80' lang='lat' dir='ltr'><strong>A.</strong></span> <span class='ocrx_word' id='word_1_260' title='bbox 1149 3245 1190 3256; x_wconf 92' lang='lat'><em>-</em></span> 
     </span>
     <span class='ocr_line' id='line_1_28' title="bbox 68 3311 1191 3394; baseline 0.003 -21"><span class='ocrx_word' id='word_1_261' title='bbox 68 3318 142 3375; x_wconf 86' lang='grc'>451.</span> <span class='ocrx_word' id='word_1_262' title='bbox 171 3311 290 3376; x_wconf 71' lang='lat' dir='ltr'><strong>baruae</strong></span> <span class='ocrx_word' id='word_1_263' title='bbox 311 3319 346 3374; x_wconf 86' lang='lat' dir='ltr'><strong>A.</strong></span> <span class='ocrx_word' id='word_1_264' title='bbox 371 3346 412 3356; x_wconf 90' lang='lat'><em>-</em></span> <span class='ocrx_word' id='word_1_265' title='bbox 435 3318 497 3375; x_wconf 80' lang='lat'>452</span> <span class='ocrx_word' id='word_1_266' title='bbox 526 3337 563 3374; x_wconf 92' lang='lat' dir='ltr'><strong>ne</strong></span> <span class='ocrx_word' id='word_1_267' title='bbox 587 3320 653 3392; x_wconf 88' lang='lat' dir='ltr'><strong>quia</strong></span> <span class='ocrx_word' id='word_1_268' title='bbox 677 3316 794 3374; x_wconf 88' lang='lat' dir='ltr'><strong>dubitet</strong></span> <span class='ocrx_word' id='word_1_269' title='bbox 818 3320 888 3394; x_wconf 91' lang='lat' dir='ltr'><strong>quin</strong></span> <span class='ocrx_word' id='word_1_270' title='bbox 912 3320 1031 3393; x_wconf 90' lang='lat' dir='ltr'><strong>spurius</strong></span> <span class='ocrx_word' id='word_1_271' title='bbox 1054 3319 1105 3390; x_wconf 90' lang='lat' dir='ltr'><strong>sit,</strong></span> <span class='ocrx_word' id='word_1_272' title='bbox 1140 3319 1191 3376; x_wconf 90' lang='lat' dir='ltr'><strong>ab·</strong></span> 
     </span>
     <span class='ocr_line' id='line_1_29' title="bbox 69 3415 1188 3496; baseline 0.001 -21"><span class='ocrx_word' id='word_1_273' title='bbox 69 3424 116 3477; x_wconf 80' lang='lat' dir='ltr'><strong>est</strong></span> <span class='ocrx_word' id='word_1_274' title='bbox 140 3418 178 3476; x_wconf 85' lang='lat' dir='ltr'><strong>ab</strong></span> <span class='ocrx_word' id='word_1_275' title='bbox 201 3420 234 3477; x_wconf 82' lang='grc' dir='ltr'>Α.</span> <span class='ocrx_word' id='word_1_276' title='bbox 258 3448 300 3460; x_wconf 87' lang='lat'><em>-</em></span> <span class='ocrx_word' id='word_1_277' title='bbox 323 3421 394 3478; x_wconf 89' lang='grc'>453.</span> <span class='ocrx_word' id='word_1_278' title='bbox 420 3419 512 3496; x_wconf 75' lang='lat' dir='ltr'><strong>atquc</strong></span> <span class='ocrx_word' id='word_1_279' title='bbox 535 3421 569 3478; x_wconf 83' lang='grc' dir='ltr'>Δ.</span> <span class='ocrx_word' id='word_1_280' title='bbox 593 3449 635 3458; x_wconf 89' lang='grc'>-</span> <span class='ocrx_word' id='word_1_281' title='bbox 660 3421 732 3477; x_wconf 88' lang='grc'>454.</span> <span class='ocrx_word' id='word_1_282' title='bbox 756 3418 936 3478; x_wconf 79' lang='lat' dir='ltr'><strong>conmeatus</strong></span> <span class='ocrx_word' id='word_1_283' title='bbox 957 3415 1097 3491; x_wconf 71' lang='lat' dir='ltr'><strong>cordinet</strong></span> <span class='ocrx_word' id='word_1_284' title='bbox 1121 3422 1140 3478; x_wconf 86' lang='lat' dir='ltr'>i.</span> <span class='ocrx_word' id='word_1_285' title='bbox 1165 3441 1188 3478; x_wconf 82' lang='lat' dir='ltr'>e.</span> 
     </span>
     <span class='ocr_line' id='line_1_30' title="bbox 69 3521 1191 3598; baseline 0 -18"><span class='ocrx_word' id='word_1_286' title='bbox 69 3523 215 3598; x_wconf 86' lang='lat' dir='ltr'><strong>pertinet,</strong></span> <span class='ocrx_word' id='word_1_287' title='bbox 251 3523 407 3581; x_wconf 87' lang='lat' dir='ltr'><strong>continuus</strong></span> <span class='ocrx_word' id='word_1_288' title='bbox 436 3527 495 3594; x_wconf 85' lang='lat' dir='ltr'><strong>est,</strong></span> <span class='ocrx_word' id='word_1_289' title='bbox 529 3521 566 3578; x_wconf 88' lang='lat' dir='ltr'>cf.</span> <span class='ocrx_word' id='word_1_290' title='bbox 595 3521 658 3579; x_wconf 82' lang='lat' dir='ltr'><strong>Mil.</strong></span> <span class='ocrx_word' id='word_1_291' title='bbox 690 3524 766 3581; x_wconf 80' lang='lat'>470:</span> <span class='ocrx_word' id='word_1_292' title='bbox 811 3527 999 3596; x_wconf 86' lang='lat' dir='ltr'><strong>„conmeatus</strong></span> <span class='ocrx_word' id='word_1_293' title='bbox 1031 3524 1191 3580; x_wconf 85' lang='lat' dir='ltr'><strong>transtinet</strong></span> 
     </span>
     <span class='ocr_line' id='line_1_31' title="bbox 69 3619 1191 3700; baseline 0.002 -20"><span class='ocrx_word' id='word_1_294' title='bbox 69 3629 152 3683; x_wconf 86' lang='lat' dir='ltr'><strong>trans</strong></span> <span class='ocrx_word' id='word_1_295' title='bbox 174 3619 348 3700; x_wconf 83' lang='lat' dir='ltr'><strong>parictem“.</strong></span> <span class='ocrx_word' id='word_1_296' title='bbox 393 3623 498 3682; x_wconf 82' lang='lat' dir='ltr'><strong>Errori</strong></span> <span class='ocrx_word' id='word_1_297' title='bbox 515 3623 636 3696; x_wconf 81' lang='lat' dir='ltr'><strong>tribuo,</strong></span> <span class='ocrx_word' id='word_1_298' title='bbox 661 3625 740 3700; x_wconf 90' lang='lat' dir='ltr'><strong>quod</strong></span> <span class='ocrx_word' id='word_1_299' title='bbox 761 3624 789 3681; x_wconf 78' lang='lat' dir='ltr'>A</span> <span class='ocrx_word' id='word_1_300' title='bbox 814 3621 1000 3699; x_wconf 85' lang='lat' dir='ltr'><strong>‚‚conuenit“‚</strong></span> <span class='ocrx_word' id='word_1_301' title='bbox 1025 3643 1110 3700; x_wconf 89' lang='lat' dir='ltr'><strong>quem</strong></span> <span class='ocrx_word' id='word_1_302' title='bbox 1133 3643 1191 3682; x_wconf 90' lang='lat' dir='ltr'><strong>non</strong></span> 
     </span>
     <span class='ocr_line' id='line_1_32' title="bbox 71 3717 1190 3805; baseline 0.001 -22"><span class='ocrx_word' id='word_1_303' title='bbox 71 3725 207 3802; x_wconf 85' lang='lat' dir='ltr'><strong>affirmat,</strong></span> <span class='ocrx_word' id='word_1_304' title='bbox 241 3725 322 3805; x_wconf 90' lang='lat' dir='ltr'><strong>quod</strong></span> <span class='ocrx_word' id='word_1_305' title='bbox 344 3726 370 3784; x_wconf 90' lang='lat' dir='ltr'>D</span> <span class='ocrx_word' id='word_1_306' title='bbox 393 3727 423 3784; x_wconf 87' lang='lat' dir='ltr'><strong>in</strong></span> <span class='ocrx_word' id='word_1_307' title='bbox 452 3726 577 3784; x_wconf 90' lang='lat' dir='ltr'><strong>eundem</strong></span> <span class='ocrx_word' id='word_1_308' title='bbox 606 3727 720 3785; x_wconf 90' lang='lat' dir='ltr'><strong>incidit.</strong></span> <span class='ocrx_word' id='word_1_309' title='bbox 748 3755 790 3768; x_wconf 87' lang='lat'>-</span> <span class='ocrx_word' id='word_1_310' title='bbox 822 3728 893 3784; x_wconf 80' lang='lat'>455.</span> <span class='ocrx_word' id='word_1_311' title='bbox 922 3717 971 3784; x_wconf 78' lang='lat' dir='ltr'><strong>Ite</strong></span> <span class='ocrx_word' id='word_1_312' title='bbox 997 3720 1054 3784; x_wconf 77' lang='lat' dir='ltr'><strong>hac</strong></span> <span class='ocrx_word' id='word_1_313' title='bbox 1080 3741 1190 3784; x_wconf 78' lang='lat' dir='ltr'><strong>secun·</strong></span> 
     </span>
     <span class='ocr_line' id='line_1_33' title="bbox 73 3823 1192 3905; baseline -0.001 -19"><span class='ocrx_word' id='word_1_314' title='bbox 73 3823 156 3901; x_wconf 77' lang='lat' dir='ltr'><strong>dum,</strong></span> <span class='ocrx_word' id='word_1_315' title='bbox 179 3850 206 3888; x_wconf 86' lang='lat' dir='ltr'><strong>v.</strong></span> <span class='ocrx_word' id='word_1_316' title='bbox 230 3828 266 3886; x_wconf 91' lang='lat' dir='ltr'><strong>ad</strong></span> <span class='ocrx_word' id='word_1_317' title='bbox 289 3828 397 3905; x_wconf 84' lang='lat' dir='ltr'><strong>Amph.</strong></span> <span class='ocrx_word' id='word_1_318' title='bbox 424 3831 493 3887; x_wconf 77' lang='lat'>547.</span> <span class='ocrx_word' id='word_1_319' title='bbox 517 3859 558 3867; x_wconf 95' lang='lat'>-</span> <span class='ocrx_word' id='word_1_320' title='bbox 582 3824 635 3887; x_wconf 87' lang='lat' dir='ltr'><strong>Ne</strong></span> <span class='ocrx_word' id='word_1_321' title='bbox 657 3829 692 3887; x_wconf 91' lang='lat' dir='ltr'>R.</span> <span class='ocrx_word' id='word_1_322' title='bbox 718 3849 788 3899; x_wconf 74' lang='lat' dir='ltr'><strong>cua:</strong></span> <span class='ocrx_word' id='word_1_323' title='bbox 818 3827 953 3904; x_wconf 78' lang='lat' dir='ltr'><strong>Seyffert.</strong></span> <span class='ocrx_word' id='word_1_324' title='bbox 978 3827 1084 3886; x_wconf 90' lang='lat' dir='ltr'><strong>Philol.</strong></span> <span class='ocrx_word' id='word_1_325' title='bbox 1108 3827 1192 3886; x_wconf 84' lang='lat' dir='ltr'><strong>XXV</strong></span> 
     </span>
     <span class='ocr_line' id='line_1_34' title="bbox 71 3913 1189 4008; baseline 0.001 -19"><span class='ocrx_word' id='word_1_326' title='bbox 71 3951 100 4006; x_wconf 90' lang='lat' dir='ltr'><strong>p.</strong></span> <span class='ocrx_word' id='word_1_327' title='bbox 123 3931 199 3989; x_wconf 90' lang='lat'>444:</span> <span class='ocrx_word' id='word_1_328' title='bbox 237 3925 360 4006; x_wconf 84' lang='lat' dir='ltr'><strong>„Mihi“,</strong></span> <span class='ocrx_word' id='word_1_329' title='bbox 390 3930 471 4008; x_wconf 91' lang='lat' dir='ltr'><strong>quod</strong></span> <span class='ocrx_word' id='word_1_330' title='bbox 492 3933 590 3989; x_wconf 89' lang='lat' dir='ltr'><strong>nescio</strong></span> <span class='ocrx_word' id='word_1_331' title='bbox 620 3951 656 3988; x_wconf 91' lang='lat' dir='ltr'><strong>an</strong></span> <span class='ocrx_word' id='word_1_332' title='bbox 687 3913 903 4008; x_wconf 71' lang='lat' dir='ltr'><strong>praeferendum</strong></span> <span class='ocrx_word' id='word_1_333' title='bbox 934 3933 981 3990; x_wconf 87' lang='lat' dir='ltr'><strong>sit.</strong></span> <span class='ocrx_word' id='word_1_334' title='bbox 1010 3960 1051 3970; x_wconf 94' lang='lat'><em>-</em></span> <span class='ocrx_word' id='word_1_335' title='bbox 1082 3925 1189 4004; x_wconf 78' lang='lat' dir='ltr'><strong>lacero,</strong></span> 
     </span>
    </p>
   </div>
   <div class='ocr_carea' id='block_1_3' title="bbox 73 4031 1300 4109">
    <p class='ocr_par' dir='ltr' id='par_1_4' title="bbox 73 4031 1300 4109">
     <span class='ocr_line' id='line_1_35' title="bbox 73 4031 1300 4109; baseline 0.002 -21"><span class='ocrx_word' id='word_1_336' title='bbox 73 4033 180 4107; x_wconf 86' lang='lat' dir='ltr'><strong>perdo,</strong></span> <span class='ocrx_word' id='word_1_337' title='bbox 204 4039 237 4092; x_wconf 87' lang='lat' dir='ltr'><strong>ut</strong></span> <span class='ocrx_word' id='word_1_338' title='bbox 258 4033 332 4092; x_wconf 91' lang='lat' dir='ltr'><strong>nihil</strong></span> <span class='ocrx_word' id='word_1_339' title='bbox 354 4033 429 4091; x_wconf 88' lang='lat' dir='ltr'><strong>utile</strong></span> <span class='ocrx_word' id='word_1_340' title='bbox 451 4032 512 4103; x_wconf 87' lang='lat' dir='ltr'><strong>fiat,</strong></span> <span class='ocrx_word' id='word_1_341' title='bbox 541 4034 578 4092; x_wconf 83' lang='lat' dir='ltr'>cf.</span> <span class='ocrx_word' id='word_1_342' title='bbox 603 4034 674 4093; x_wconf 78' lang='lat'>437.</span> <span class='ocrx_word' id='word_1_343' title='bbox 698 4035 780 4093; x_wconf 85' lang='lat' dir='ltr'><strong>Asia.</strong></span> <span class='ocrx_word' id='word_1_344' title='bbox 806 4035 880 4092; x_wconf 75' lang='lat'><strong>289:</strong></span> <span class='ocrx_word' id='word_1_345' title='bbox 918 4035 1058 4109; x_wconf 88' lang='lat' dir='ltr'><strong>„loquens</strong></span> <span class='ocrx_word' id='word_1_346' title='bbox 1081 4033 1192 4091; x_wconf 79' lang='lat' dir='ltr'><strong>lacerat</strong></span> <span class='ocrx_word' id='word_1_347' title='bbox 1295 4031 1300 4040; x_wconf 82' lang='lat'><em>&#39;</em></span> 
     </span>
    </p>
   </div>
   <div class='ocr_carea' id='block_1_4' title="bbox 76 4131 1193 4417">
    <p class='ocr_par' dir='ltr' id='par_1_5' title="bbox 76 4131 1193 4417">
     <span class='ocr_line' id='line_1_36' title="bbox 76 4131 1009 4213; baseline 0.003 -22"><span class='ocrx_word' id='word_1_348' title='bbox 76 4131 180 4192; x_wconf 84' lang='lat' dir='ltr'><strong>diem“.</strong></span> <span class='ocrx_word' id='word_1_349' title='bbox 226 4135 298 4193; x_wconf 90' lang='lat' dir='ltr'><strong>Hor.</strong></span> <span class='ocrx_word' id='word_1_350' title='bbox 322 4134 376 4194; x_wconf 92' lang='lat' dir='ltr'>Od.</span> <span class='ocrx_word' id='word_1_351' title='bbox 400 4135 439 4207; x_wconf 90' lang='grc' dir='ltr'><strong>ΙΙ,</strong></span> <span class='ocrx_word' id='word_1_352' title='bbox 464 4136 492 4207; x_wconf 78' lang='lat'><strong>7,</strong></span> <span class='ocrx_word' id='word_1_353' title='bbox 518 4137 553 4194; x_wconf 80' lang='lat'><strong>7:</strong></span> <span class='ocrx_word' id='word_1_354' title='bbox 581 4155 677 4213; x_wconf 83' lang='lat' dir='ltr'><strong>„saepe</strong></span> <span class='ocrx_word' id='word_1_355' title='bbox 700 4135 776 4194; x_wconf 89' lang='lat' dir='ltr'><strong>diem</strong></span> <span class='ocrx_word' id='word_1_356' title='bbox 800 4155 881 4194; x_wconf 86' lang='lat' dir='ltr'><strong>mero</strong></span> <span class='ocrx_word' id='word_1_357' title='bbox 904 4131 1009 4211; x_wconf 79' lang='lat' dir='ltr'><strong>tregi“.</strong></span> 
     </span>
     <span class='ocr_line' id='line_1_37' title="bbox 157 4231 1193 4334; baseline 0 -40"><span class='ocrx_word' id='word_1_358' title='bbox 157 4239 228 4296; x_wconf 84' lang='lat'>456.</span> <span class='ocrx_word' id='word_1_359' title='bbox 252 4231 367 4310; x_wconf 75' lang='lat' dir='ltr'><strong>librae,</strong></span> <span class='ocrx_word' id='word_1_360' title='bbox 391 4257 418 4294; x_wconf 85' lang='lat' dir='ltr'><strong>v.</strong></span> <span class='ocrx_word' id='word_1_361' title='bbox 443 4239 514 4297; x_wconf 84' lang='lat'>401.</span> <span class='ocrx_word' id='word_1_362' title='bbox 541 4267 578 4278; x_wconf 95' lang='lat'>—</span> <span class='ocrx_word' id='word_1_363' title='bbox 600 4233 743 4334; x_wconf 54' lang='lat' dir='ltr'><strong>patiam.</strong></span> <span class='ocrx_word' id='word_1_364' title='bbox 766 4267 809 4276; x_wconf 92' lang='lat'><em>-</em></span> <span class='ocrx_word' id='word_1_365' title='bbox 831 4238 903 4296; x_wconf 80' lang='lat'>457.</span> <span class='ocrx_word' id='word_1_366' title='bbox 929 4238 1135 4312; x_wconf 71' lang='lat' dir='ltr'><strong>optenturum,</strong></span> <span class='ocrx_word' id='word_1_367' title='bbox 1155 4243 1193 4304; x_wconf 83' lang='lat' dir='ltr'><strong>ut</strong></span> 
     </span>
     <span class='ocr_line' id='line_1_38' title="bbox 76 4336 1189 4417; baseline 0.003 -23"><span class='ocrx_word' id='word_1_368' title='bbox 76 4339 223 4411; x_wconf 85' lang='lat' dir='ltr'><strong>victorem,</strong></span> <span class='ocrx_word' id='word_1_369' title='bbox 248 4339 283 4397; x_wconf 84' lang='lat' dir='ltr'>cf.</span> <span class='ocrx_word' id='word_1_370' title='bbox 297 4339 374 4398; x_wconf 88' lang='lat' dir='ltr'><strong>Men.</strong></span> <span class='ocrx_word' id='word_1_371' title='bbox 390 4341 466 4398; x_wconf 83' lang='lat'><strong>898:</strong></span> <span class='ocrx_word' id='word_1_372' title='bbox 493 4359 569 4413; x_wconf 78' lang='lat' dir='ltr'><strong>„uon</strong></span> <span class='ocrx_word' id='word_1_373' title='bbox 592 4345 692 4417; x_wconf 88' lang='lat' dir='ltr'><strong>potest</strong></span> <span class='ocrx_word' id='word_1_374' title='bbox 714 4341 785 4398; x_wconf 90' lang='lat' dir='ltr'><strong>haec</strong></span> <span class='ocrx_word' id='word_1_375' title='bbox 808 4359 854 4397; x_wconf 87' lang='lat' dir='ltr'><strong>res</strong></span> <span class='ocrx_word' id='word_1_376' title='bbox 877 4336 1036 4417; x_wconf 83' lang='lat' dir='ltr'><strong>optineri“.</strong></span> <span class='ocrx_word' id='word_1_377' title='bbox 1055 4369 1096 4380; x_wconf 89' lang='lat'>-</span> <span class='ocrx_word' id='word_1_378' title='bbox 1119 4341 1189 4397; x_wconf 90' lang='lat'>459.</span> 
     </span>
    </p>
   </div>
   <div class='ocr_carea' id='block_1_5' title="bbox 0 0 1497 4998">
    <p class='ocr_par' dir='ltr' id='par_1_6' title="bbox 0 0 1497 4998">
     <span class='ocr_line' id='line_1_39' title="bbox 0 0 1497 4998; baseline 0 0"><span class='ocrx_word' id='word_1_379' title='bbox 0 0 1497 4998; x_wconf 95' lang='lat' dir='ltr'><strong> </strong></span> 
     </span>
    </p>
   </div>
  </div>
 </body>
</html>
