2930 5002
170 484 173 493 ’
283 513 341 573 132
800 506 891 560 claua
1183 501 1238 570 111,
1256 505 1282 570 4,
1299 500 1377 557 u-ea

279 698 422 779 Namque
444 699 554 780 patria
576 695 652 761 huia
676 697 800 761 alterae
824 716 907 779 quae
932 696 983 769 sit,
1008 694 1155 778 profecto
1178 694 1299 774 nescio,
1340 709 1378 760 ⁷40

279 804 351 870 Nisi
374 806 441 870 scio
464 804 651 889 probiorem
674 804 758 869 hauc
781 824 854 868 esse
877 809 1040 886 quauta,
1064 803 1323 886 inparatissume.

644 934 647 940 ¹
759 945 918 1012 Labrara

281 1059 410 1123 Tuaeue
430 1058 516 1122 istae
539 1057 639 1122 sunt?

734 1185 943 1252 Trachalio

703 1295 871 1360 Contende
895 1315 971 1377 ergo
994 1300 1097 1377 terg'o,
1120 1295 1262 1383 utersit
1282 1293 1378 1358 uerior.

279 1407 320 1471 Ni
343 1404 574 1471 offerumentas
597 1404 734 1470 habebis
757 1403 859 1486 pluris
881 1404 914 1466 in
938 1408 1111 1486 turgotus

280 1514 385 1592 Quam
408 1514 476 1579 ulla
497 1514 593 1578 nauis
610 1511 708 1595 longa
726 1511 847 1589 clauae,
872 1521 940 1601 tum
959 1533 1019 1594 ego
1036 1531 1093 1580 ero
1110 1510 1378 1576 mendacissumus.

279 1623 376 1688 Poste
399 1624 538 1706 aspicito
562 1627 595 1686 iu
613 1643 728 1702 meum,
751 1612 889 1704 quanda
902 1641 961 1704 ego
979 1629 1071 1684 tuum
1090 1621 1324 1703 iuspectauaro.
1341 1635 1381 1685 ru

279 1731 320 1808 Ni
343 1732 407 1797 erit
428 1737 496 1795 tam
520 1731 692 1810 sincerum,
715 1737 752 1793 ut
775 1729 885 1812 quiuis
908 1729 999 1794 dicat
1021 1727 1245 1811 ampullarius,

280 1839 456 1924 Optumum
480 1861 551 1904 esse
574 1842 665 1924 operi
688 1838 841 1904 faciundo
866 1839 990 1903 corium
1012 1843 1046 1902 ct
1069 1837 1338 1905 sincerissumum,

279 1948 365 2026 Quid
388 1955 540 2013 causaest
557 1949 634 2031 quin
653 1949 755 2030 uirgis
773 1953 806 2011 te
823 1968 928 2030 usque
947 1946 988 2010 ad
1007 1947 1216 2011 saturitatem
1233 1941 1380 2010 sauciam?

279 2057 364 2135 Quid
387 2057 462 2122 illas
485 2056 636 2141 spectas?
660 2077 741 2141 quas
765 2057 792 2120 si
815 2055 977 2137 attigeris,
1000 2054 1113 2119 oculos
1135 2055 1272 2137 eripiam
1294 2051 1356 2117 tibi.

770 2210 928 2276 Labrax

279 2321 320 2383 At
342 2320 430 2401 quin,
455 2321 533 2403 quia
555 2325 660 2398 uotae,
685 2326 859 2404 utramque
880 2321 947 2384 iam
966 2339 1093 2384 mecum
1110 2318 1270 2384 abducam
1290 2313 1382 2382 simul.

729 2462 951 2528 Da'cruoriee

185 2587 192 2608 .
279 2547 364 2626 Quid
386 2548 511 2614 facies?

758 2678 915 2745 Labrax

475 2787 658 2854 Uolcanum
680 2788 856 2869 adducam;
879 2791 907 2854 is
932 2789 1085 2857 Usuerist
1106 2788 1325 2855 aduersarius.
1341 2803 1383 2854 751

729 2943 940 3008 Trachalio

278 3050 349 3127 Qua
372 3051 440 3116 illia
462 3052 510 3116 it?

756 3113 917 3225 Labrax

509 3266 606 3346 Heus,
631 3268 742 3349 eequis
765 3267 817 3333 hic
841 3270 912 3334 est?
935 3269 1028 3335 heus.

1452 3351 1453 3374 i

727 3420 945 3486 Daemouee

1036 3531 1076 3596 Si
1093 3534 1242 3614 attigeris
1265 3533 1388 3607 ostium,
1452 3547 1453 3584 1

275 3637 343 3702 lam
366 3639 476 3704 hercle
498 3639 560 3704 tibi
583 3640 694 3703 messis
717 3637 774 3704 fiet
795 3640 829 3703 in
852 3660 908 3704 ore
931 3642 1050 3722 mergis
1072 3643 1215 3725 pugneis.

753 3787 918 3853 Lorarii

274 3893 404 3960 Nullum
429 3895 588 3961 habemus
612 3897 735 3978 iguem3
758 3895 827 3961 fiais
851 3897 1042 3963 uictitamus
1065 3865 1176 3964 arulis.

359 4136 410 4188 740
427 4133 498 4187 Nam
516 4134 580 4189 huic
599 4135 705 4188 alterae
723 4135 815 4204 patria
833 4155 904 4205 quae
980 4139 1028 4191 741
1049 4137 1109 4192 Nisi
1128 4139 1151 4192 si
1171 4137 1274 4194 saicB
1345 4137 1390 4188 '742

274 4219 349 4274 Tuae
423 4219 568 4274 Contende
588 4237 656 4286 ergo
676 4226 739 4274 uter
757 4222 793 4274 sit
810 4227 893 4292 tergo
913 4223 973 4277 ueri
1049 4224 1099 4277 745
1117 4223 1217 4279 Postea
1292 4229 1323 4278 tu
1343 4239 1389 4277 ora.
1452 4259 1453 4262 =

273 4307 324 4359 747
342 4322 425 4374 opere
504 4307 554 4358 750
573 4305 659 4358 semul
678 4306 704 4360 B
781 4308 830 4360 751
851 4309 960 4362 ueneris
979 4314 1022 4362 est
1097 4311 1148 4363 '152
1165 4310 1279 4378 hecquie
1298 4309 1327 4361 B

273 4391 440 4470 hostiumxB
509 4393 560 4444 753
577 4393 605 4443 in
627 4409 674 4443 cre
691 4389 738 4443 fiet
808 4395 910 4460 pugnis
980 4396 1032 4448 754
1050 4395 1271 4449 uictimamusB
