2928 4996
285 503 346 561 594
750 490 936 546 Trinummus.

285 687 485 765 dittographia
508 681 687 746 Adamante
715 686 829 761 scripsi.
880 681 913 744 ia
939 679 1109 760 Cercopum
1136 679 1246 744 insitio
1269 685 1321 742 Br.
1344 703 1401 743 cun

284 789 432 849 Fritaohio
455 788 541 847 Aaal.
566 787 610 846 Pl.
634 787 661 846 ΙΙ
684 811 713 866 p.
742 790 789 858 10,
813 789 833 844 i.
857 808 880 846 e.
905 791 935 845 in
958 789 1110 846 simiarum
1134 788 1241 859 insula,
1270 788 1308 846 cf.
1331 786 1399 845 Har·

281 899 394 973 poerat.
422 911 451 968 p.
484 893 542 950 110
573 889 610 948 de
646 890 841 969 Cercopibua:
883 892 1036 968 Ξεναγόρας
1070 889 1107 956 εἰς
1140 892 1278 960 nui-ipson<
1314 889 1402 954 αι’-ταὶς

280 997 437 1072 μεταβαλεῖν
459 997 536 1066 φησὶ,
567 995 610 1050 καὶ
638 995 685 1058 τὰς
714 997 911 1065 Πιθηκούσσας
939 997 1037 1064 νήσους
1066 995 1114 1051 ἀπ’
1144 995 1234 1052 αὐτῶν
1263 997 1401 1066 uincimus.

282 1099 419 1157 Getarum
449 1097 528 1174 quod
557 1096 619 1154 hac
642 1115 706 1155 cum
730 1099 788 1154 901
815 1117 949 1174 pugnare
972 1097 1126 1169 videatur,
1158 1097 1193 1157 R.
1217 1097 1267 1156 hic
1288 1117 1402 1174 quoquc
1453 1095 1454 1102 ’

283 1201 431 1260 excidisse
458 1199 587 1277 putabat
614 1201 710 1276 prima
733 1199 897 1258 Charmide
919 1200 1025 1270 rerba,
1053 1201 1148 1259 velut:
1193 1199 1325 1273 „Hercle
1353 1219 1403 1257 ma

283 1323 393 1363 morem
416 1309 605 1378 nugatorem:
629 1301 716 1360 modo
740 1304 791 1379 qui
808 1303 851 1362 fui
868 1305 898 1361 in
918 1303 1060 1374 Seleucia,
1084 1302 1125 1362 Ut
1141 1301 1194 1361 ille
1213 1303 1401 1362 memorabat

284 1408 421 1466 nimirum
451 1425 528 1463 nunc
558 1425 622 1463 sum
651 1406 682 1462 in
711 1403 856 1482 Cecropia
877 1405 1005 1464 insula“.
1031 1435 1070 1446 ·-
1098 1407 1169 1464 930.
1199 1401 1402 1464 ἀν’-3601141194.

284 1511 385 1581 obeat,
410 1509 455 1565 ἆπ.
480 1512 532 1583 iay.
565 1537 604 1548 -
641 1499 727 1581 Quid
747 1502 816 1565 uir?
849 1514 933 1579 cett,
969 1510 1005 1566 of.
1030 1507 1136 1568 Pseud.
1160 1511 1233 1567 479.
1266 1537 1305 1549 -
1340 1509 1402 1566 931.

284 1607 463 1673 mirimodis
485 1610 604 1688 scripsit
625 1607 765 1678 Guietus,
794 1611 830 1668 ci.
859 1611 907 1668 Br.
936 1641 978 1650 —-
1006 1613 1078 1670 933.
1107 1607 1230 1670 admon
1255 1603 1402 1670 Arabium

285 1716 351 1793 Sp,
382 1715 417 1772 cf.
440 1711 578 1772 Mueller.
602 1711 683 1772 Pros.
708 1733 737 1790 p.
763 1697 834 1772 433.
865 1735 931 1772 aaa.
957 1715 993 1771 act
1017 1713 1102 1773 Cure.
1127 1715 1198 1772 206.
1244 1713 1329 1774 Cam.
1355 1715 1403 1784 ,ad

286 1813 457 1876 Arabiam“.
476 1845 518 1855 -
541 1817 612 1874 934.
636 1810 709 1874 Eho
732 1830 782 1886 aa,
807 1817 842 1874 ci.
856 1817 944 1874 Most.
961 1819 1030 1874 173.
1053 1817 1129 1876 infra
1150 1818 1222 1875 949.
1243 1818 1318 1876 943.
1339 1819 1404 1876 986.

286 1922 367 1980 Pers.
393 1921 464 1978 482.
501 1917 606 1976 Pseud.
632 1919 703 1976 972.
738 1919 830 1977 Stich.
855 1921 923 1978 246.
949 1951 989 1958 -
1010 1913 1073 1978 uhi.
1108 1919 1153 1978 Ex
1176 1939 1279 1978 errore
1301 1923 1405 1980 codicia

285 2023 366 2084 BR.
394 2019 498 2098 „cubi“
525 2040 613 2079 ausus
636 2027 689 2078 est.
714 2051 754 2060 -
779 2023 849 2080 936.
881 2015 1074 2096 apsinthium
1097 2023 1141 2081 ed.
1164 2042 1227 2099 pr.;
1254 2023 1404 2082 Ponticum

287 2131 497 2186 commemorat
524 2121 599 2182 Plin.
623 2121 750 2192 xxvll,
781 2127 820 2182 45
853 2145 967 2202 „neque
996 2125 1076 2184 aliud
1105 2125 1318 2203 praestantius“
1348 2147 1405 2184 esse

287 2231 396 2290 dicens.
420 2258 460 2268 -
484 2221 597 2296 cunila,
622 2229 720 2295 νονίλη.
771 2225 846 2285 Plin.
869 2227 940 2298 XX,
968 2229 1024 2286 169
1048 2247 1107 2305 sq.:
1145 2227 1277 2298 „Cunila
1299 2239 1406 2306 prater

287 2333 412 2392 sativam
437 2331 522 2406 plura
545 2337 614 2387 sunt
636 2331 666 2386 iu
690 2328 834 2387 medicina
857 2347 974 2402 genera.
995 2323 998 2330 ’
1021 2331 1092 2402 Qua
1109 2331 1220 2390 bubula
1238 2333 1405 2410 appellatur

289 2479 378 2494 .....
397 2433 454 2492 Est
476 2433 535 2492 alia
557 2432 670 2502 cunila,
702 2432 867 2505 gallinacea
891 2433 1041 2512 appellata
1063 2437 1189 2504 nostris,
1214 2432 1328 2493 Graecia
1351 2439 1404 2492 ori·

288 2555 395 2614 ganum
427 2532 675 2593 Heracleotium“.
734 2533 876 2594 Heraclea
903 2541 1002 2595 alitem
1030 2536 1153 2596 Pontica
1179 2544 1235 2595 est.
1266 2567 1307 2578 -
1340 2539 1405 2596 936.

289 2635 368 2699 tuuc
390 2639 447 2696 del.
472 2637 516 2708 R,
541 2643 621 2694 recte
644 2638 742 2708 credo,
766 2639 802 2696 ci.
829 2639 918 2698 1024.
944 2667 981 2678 -
1013 2635 1224 2713 irmipientior,
1255 2642 1292 2698 of.
1320 2643 1405 2699 1057.

288 2742 394 2819 Amph.
420 2743 469 2800 56.
493 2761 560 2800 sun.
593 2769 629 2780 -
662 2743 731 2799 938.
761 2735 840 2799 Nisi
862 2735 945 2817 quia.
968 2741 1003 2800 ef.
1029 2741 1067 2799 ad
1083 2741 1151 2800 Ani.
1172 2745 1242 2801 357.
1267 2773 1309 2784 —
1340 2745 1404 2802 939.
1457 2751 1458 2778 ¹

293 2841 468 2918 ,adnostas“
500 2843 580 2901 Cam.
603 2849 672 2902 cett.
701 2849 736 2902 nt
764 2845 840 2916 89⁷3
874 2843 926 2902 sed
953 2851 1113 2920 utrumque
1142 2844 1202 2904 dici
1229 2853 1342 2923 potest.
1369 2875 1405 2887 -

290 2951 361 3008 940.
384 2944 440 3025 qtoi
463 2947 602 3018 Guietus;
626 2945 660 3003 R.
685 2965 748 3004 cum
774 2946 963 3006 Lachmaano
989 2965 1068 3024 „quo
1091 2948 1127 3006 ad
1152 2968 1168 3005 e
1191 2945 1306 3020 caelo“,
1331 2951 1405 3026 qnod

290 3057 453 3128 concoquat
475 3050 525 3125 qui
548 3051 651 3126 possit.
676 3079 716 3087 -
741 3049 811 3106 941.
839 3067 857 3107 c
877 3049 944 3108 add.
969 3049 1089 3110 Parcus.
1113 3081 1154 3092 —
1183 3052 1255 3111 949.
1279 3047 1404 3111 tos-iem

290 3155 462 3228 saracenus,
485 3156 504 3210 i.
529 3173 553 3208 e.
578 3153 676 3224 lintre,
702 3171 728 3209 v.
754 3153 791 3209 ad
814 3151 888 3210 Rud.
914 3153 984 3211 899.
1015 3184 1055 3194 -
1084 3155 1156 3213 944.
1186 3149 1273 3214 Eitm
1296 3149 1357 3214 ulii
1377 3149 1406 3212 di

292 3254 355 3316 isse
389 3253 433 3315 ad
464 3250 575 3315 ortum
609 3249 730 3322 aibant,
770 3255 903 3314 Acidalio
942 3263 1095 3332 praeunte
1129 3255 1228 3316 Herm.
1264 3287 1302 3298 -·
1339 3259 1404 3316 945.

292 3353 416 3419 Deinde
443 3357 557 3416 Gamer.
584 3357 726 3416 Versuum
756 3359 901 3416 944-49
936 3360 1021 3417 initia
1048 3361 1078 3417 in
1107 3361 1268 3438 archetypo
1301 3363 1405 3439 partim

291 3468 480 3532 evanuerant,
499 3459 577 3519 unde
595 3461 625 3518 ia
638 3459 685 3518 BC
697 3463 872 3538 corruptela
889 3467 918 3518 et
936 3463 1055 3520 lacunae.
1101 3465 1172 3522 946.
1198 3457 1296 3523 Taceo
1307 3463 1397 3538 spon

293 3594 330 3605 —
355 3566 401 3623 est
421 3558 586 3623 molestum
609 3563 642 3622 R.
668 3582 732 3622 cum
755 3562 818 3622 cod.
843 3563 924 3642 Lips.
953 3595 995 3603 —
1024 3567 1095 3624 947.
1124 3559 1289 3641 nouare
1310 3565 1346 3624 R
1369 3595 1406 3606 -

292 3669 363 3726 948.
402 3661 593 3726 Commium
621 3659 705 3725 haud
733 3665 860 3742 Buggius
888 3666 1005 3725 Tidskr.
1034 3667 1054 3726 1.
1078 3668 1185 3727 Philoi.
1215 3669 1272 3727 VH
1300 3689 1328 3746 p.
1359 3671 1404 3727 29.

292 3771 387 3842 Quum
411 3771 487 3828 enim
515 3789 604 3828 sonex
627 3787 653 3826 v.
678 3769 738 3826 946
768 3763 920 3842 pudicum
949 3789 1014 3827 eum
1046 3789 1107 3829 esse
1136 3779 1282 3848 negasset,
1311 3771 1405 3830 idest

292 3871 505 3949 impudentiam
529 3873 591 3929 eius
615 3877 787 3942 accusasset,
817 3891 844 3930 v.
869 3873 906 3930 ad
930 3875 1001 3944 699,
1030 3873 1223 3950 sycophanta,
1252 3875 1335 3951 quasi
1357 3875 1406 3931 im·

292 3974 464 4053 pudicitiam
492 3979 763 4044 commemorasset,
799 3966 1001 4046 commitam,
1036 3975 1055 4034 i.
1080 3995 1105 4033 e.
1137 3975 1338 4052 Ganymedem
1367 3971 1404 4052 (r.

294 4078 330 4135 ad
348 4077 426 4136 Men.
449 4073 531 4150 146),
560 4079 610 4153 qui
634 4079 697 4134 eius
721 4078 762 4135 rei
786 4097 873 4136 causa
896 4098 913 4135 a
935 4085 1017 4135 terra
1039 4078 1077 4135 ad
1100 4079 1203 4137 caelum
1226 4088 1405 4156 pervenerat,

294 4200 358 4239 eum
388 4180 465 4238 nolle
495 4179 575 4237 dicit.
631 4178 806 4257 Spengelius
829 4186 944 4238 tamen:
981 4179 1118 4254 „Faciam
1147 4183 1190 4239 ita
1219 4187 1254 4240 nt
1282 4189 1312 4238 te
1332 4181 1405 4239 uelle

294 4279 412 4352 uideo“,
443 4283 479 4340 ef.
511 4281 592 4342 Pera.
613 4283 688 4341 659.
719 4313 760 4322 -
789 4285 860 4341 949.
892 4277 976 4358 Quos
1004 4281 1086 4342 Acid.
1116 4313 1155 4324 -
1186 4286 1259 4345 950.
1289 4297 1405 4358 memnii

296 4385 427 4442 Limtcrn.
463 4413 503 4422 -—
537 4386 607 4442 952.
642 4379 785 4444 Norisnc
813 4385 951 4458 (inicium
989 4385 1036 4456 R.,
1067 4388 1114 4443 cui
1143 4387 1203 4444 hac
1232 4387 1325 4445 forma
1352 4405 1404 4443 non
