2920 4998
177 475 183 488 .
259 443 321 504 544
761 437 881 494 Stichus.

260 635 329 694 518.
349 626 394 692 At
405 634 438 692 A.
453 661 493 672 —
506 633 576 690 519.
595 631 684 691 taine
696 633 816 710 scripsi;
835 633 870 691 R.
886 628 977 708 „ego“
992 630 1138 690 tollebat..
1152 661 1196 672 -
1209 633 1283 689 520.
1303 630 1382 689 ors

260 764 297 776 -
320 729 446 812 „atque“
471 734 542 791 ferri
564 755 623 792 nou
645 738 754 811 potest,
781 729 987 811 „amicosqne“
1012 734 1157 804 fortasse,
1181 737 1209 792 si
1235 730 1383 805 ,uellem⁵

256 839 406 911 scribitur,
420 841 454 895 ut
466 835 606 895 audietur
620 832 748 912 ‚,uelle“,
765 838 817 896 sed
834 836 925 894 multo
941 839 1006 896 veri
1025 837 1151 894 similius
1170 841 1227 909 est,
1244 835 1387 893 Plautum

256 941 412 1017 scripsisse
444 935 524 999 uelle
552 933 684 1011 ami6083
722 938 759 1023 ad
792 954 851 998 uos
878 938 959 997 facili
988 940 1108 1014 negotio
1142 938 1267 996 auditur
1285 957 1386 1010 ·„rsm

258 1038 392 1120 gerero“.
412 1072 454 1082 -
479 1044 548 1101 521.
573 1055 721 1100 commers
744 1043 779 1100 A.
799 1044 819 1099 i.
838 1061 862 1100 0.
883 1041 1103 1113 commercium,
1127 1043 1256 1116 antiqua
1277 1042 1384 1114 forms,

258 1146 469 1222 quamprimus
492 1144 654 1204 vindicavit
675 1142 806 1202 Studem.
827 1143 925 1202 Herm.
944 1144 959 1201 Ι
981 1166 1009 1221 p.
1032 1145 1102 1227 290.
1148 1143 1191 1202 ef.
1207 1142 1330 1216 „mers“
1349 1145 1386 1202 sd

258 1246 322 1304 Mil.
347 1248 418 1305 728.
450 1275 487 1285 -
520 1248 676 1306 oen—23.
703 1242 838 1321 perinde
860 1241 971 1306 emices
991 1243 1101 1304 utitur.
1154 1239 1270 1304 Sires
1292 1239 1386 1320 fimo

259 1349 312 1422 est,
337 1368 402 1426 qun
422 1353 452 1408 in
471 1352 576 1409 ceteris
593 1347 678 1407 codd.
698 1349 881 1424 exciderunt,
904 1350 1034 1408 servavit
1051 1350 1091 1421 A3
1114 1350 1247 1424 priorem
1267 1369 1386 1408 versuum

258 1454 348 1510 etiam
377 1451 529 1510 Charisius
559 1450 588 1508 ll
615 1471 645 1527 p.
672 1451 747 1509 188:
784 1452 925 1527 „perinde
957 1471 1013 1530 pro
1041 1451 1166 1528 proinde
1193 1450 1328 1510 Plautus
1356 1454 1386 1510 in

259 1554 376 1614 Sticho:
401 1559 435 1612 ut
451 1552 576 1632 proinde
594 1553 706 1610 homini
724 1557 955 1632 reciperatorem,
967 1553 1091 1631 perinde
1104 1549 1193 1612 cett.“
1206 1583 1254 1593 --
1263 1549 1341 1614 laxe
1350 1556 1383 1612 A

345 1659 414 1717 525.
455 1651 524 1715 Iam
546 1652 647 1715 reden
702 1656 886 1734 Epignomns
916 1657 1004 1714 domo
1035 1656 1186 1732 egrediens
1214 1659 1307 1714 uxori
1335 1665 1386 1716 ant

258 1759 454 1818 familiaribus
472 1778 503 1815 ee
520 1758 605 1818 brevi
621 1759 788 1818 rediturum
805 1759 964 1836 promittit.
1010 1756 1122 1816 Deinde
1139 1777 1238 1816 seeum
1251 1760 1387 1837 loquitur

259 1861 296 1918 de
309 1861 398 1919 rebus
410 1879 441 1920 se
459 1860 579 1919 absente
592 1862 637 1924 ah
647 1880 739 1921 uxore
756 1862 830 1920 hene
850 1860 1072 1920 administratis.
1085 1890 1128 1900 -
1139 1857 1177 1920 ot‘.
1201 1863 1287 1936 Αε,1

259 1965 278 2023 i.
302 1985 327 2022 e.
351 1969 385 2022 ut
408 1963 527 2022 videtur
551 1961 668 2036 „ubit
675 1957 859 2036 -afueris
890 1959 1103 2022 domoAoe-
1127 1965 1197 2024 526.
1229 1958 1285 2022 ubi
1292 1883 1386 2024 ureii-

258 2061 393 2126 ierisA.
444 2065 486 2124 De
513 2062 543 2124 si
570 2066 614 2124 his
641 2071 739 2145 posito
768 2088 795 2127 v.
825 2068 863 2126 ad
893 2067 984 2125 Mero.
1015 2068 1076 2125 796
1104 2085 1219 2142 sq.
1178 2060 1296 2125 ihi
1318 2071 1387 2126 Aci-

259 2169 370 2242 dalius,
406 2169 440 2228 R.
466 2166 550 2244 „eat“
582 2171 685 2228 meluit
713 2171 751 2228 ed
779 2170 887 2228 calcem
917 2188 1020 2226 versus
1049 2169 1220 2228 transferre.
1245 2199 1287 2208 -
1314 2173 1385 2230 527.

260 2267 383 2332 ahsente
404 2273 439 2330 A.
484 2264 617 2331 Itanon
643 2268 711 2341 „ut“
744 2273 802 2331 sihi
826 2272 978 2348 adiungit,
1012 2272 1065 2331 sed
1093 2273 1192 2330 soluto
1220 2292 1302 2330 nexu
1332 2276 1384 2333 ad·

259 2377 392 2451 iungitur
414 2375 583 2452 explicatio,
607 2395 634 2432 v.
660 2375 697 2432 ad
720 2375 827 2453 Amph.
848 2377 918 2434 952.
953 2373 1040 2452 Epid.
1062 2377 1131 2434 163.
1163 2374 1230 2432 Mil.
1250 2377 1323 2434 207.
1346 2405 1382 2418 -

262 2480 331 2537 528.
360 2473 471 2536 emilem
497 2477 576 2536 idem
606 2482 651 2536 est
673 2482 760 2553 atque
783 2471 918 2536 inanern.
963 2477 1101 2554 Spengel.
1126 2476 1231 2536 Philol.
1255 2477 1386 2538 XXVIII

258 2600 287 2657 p.
313 2581 372 2638 729
396 2581 506 2639 voluit:
534 2575 942 2657 ,Omni....aegritudiue‘f
969 2585 1003 2637 nt
1026 2599 1073 2656 ep.
1098 2579 1156 2638 Cic.
1181 2580 1219 2638 ad
1238 2581 1385 2654 Atticll,

261 2685 289 2760 8,
312 2685 336 2740 l.
356 2712 398 2722 -
421 2685 490 2742 529.
515 2697 617 2742 eccum
639 2678 762 2754 incedit,
787 2702 814 2740 v.
833 2683 871 2740 ad
888 2680 972 2740 Gurc.
993 2682 1063 2742 674.
1097 2684 1174 2741 infra
1198 2684 1270 2742 538.
1306 2682 1383 2742 Bud.

262 2787 331 2844 565.
356 2815 397 2825 —
421 2787 491 2844 531.
522 2781 595 2845 Huc
616 2781 807 2862 turpissume
829 2780 981 2858 postilla,
1005 2786 1030 2842 si
1060 2803 1132 2844 vere
1158 2792 1240 2856 sunt,
1273 2790 1383 2844 omhso

260 2887 360 2965 verbo,
381 2885 557 2964 significant,
577 2907 652 2961 eum,
676 2893 834 2966 postquem
848 2888 1010 2960 advenerit,
1035 2907 1095 2946 non
1107 2889 1224 2960 longius
1236 2893 1290 2946 aut
1301 2889 1382 2948 eliud

261 2991 319 3048 iter
335 2990 439 3048 fecisse
456 3009 544 3065 quam
562 2990 634 3062 huc;
658 2989 711 3048 sed
729 2996 871 3068 corrupta
888 2989 1035 3048 videntur.
1077 2987 1248 3048 Edehatur:
1277 2991 1380 3062 ,Huni

260 3088 338 3166 (cum
361 3092 549 3150 antecedenti
571 3112 659 3152 versu
676 3085 833 3168 iunctum).
864 3093 925 3152 PA.
950 3092 1141 3168 Longissima.
1173 3090 1230 3149 ΕΡ.
1255 3092 1381 3152 Postilla

261 3191 348 3253 cett.“
385 3194 435 3252 R.:
463 3194 540 3268 „PA.
559 3195 625 3254 Hau
642 3196 833 3269 longissume.
862 3195 922 3254 ΕΡ.
941 3189 1096 3254 Postilla“.
1132 3193 1189 3253 Sed
1206 3213 1262 3253 nec
1275 3196 1380 3268 „Haud

260 3292 450 3371 longissimo“
474 3317 528 3375 pro
549 3297 633 3372 „Non
657 3299 813 3358 admodum
837 3295 906 3356 diu“
929 3297 1035 3356 Latine
1058 3298 1176 3369 dicitur,
1201 3317 1254 3356 nec
1280 3297 1379 3369 ,Post-

259 3397 328 3458 illn“
350 3403 380 3458 iu
399 3400 545 3476 principio
564 3399 722 3476 Epignomi
740 3403 883 3459 sermonis
900 3401 1029 3477 intelligi
1051 3403 1157 3477 potest.
1193 3401 1284 3458 Immo
1300 3407 1378 3458 recte

260 3505 287 3560 A
314 3522 479 3560 sermonem
509 3503 571 3561 eius
598 3495 708 3562 alam
732 3503 844 3580 incipit.
907 3503 1011 3562 Sensui
1034 3503 1159 3560 fortasse
1180 3502 1376 3562 satisfaceret:

263 3605 347 3680 „an
369 3605 520 3683 profectus
542 3625 605 3663 sum
629 3601 780 3681 postille“.
811 3636 853 3645 -
883 3607 953 3665 532.
975 3619 1035 3682 quo
1058 3603 1137 3662 Cam.
1168 3633 1205 3644 -
1235 3605 1273 3663 nt
1298 3600 1378 3664 alius

260 3723 312 3768 res
335 3703 432 3780 solet,
467 3708 554 3766 solita
577 3710 714 3766 comitate
738 3711 816 3785 agis,
846 3707 881 3767 ci.
906 3709 1012 3783 Amph.
1038 3709 1109 3768 532.
1142 3707 1221 3765 Men.
1246 3709 1316 3766 739.
1341 3736 1375 3747 -

262 3813 332 3869 533.
360 3803 543 3883 Clementer,
566 3810 691 3887 placide,
715 3811 750 3868 cf.
775 3810 812 3868 ad
834 3811 898 3868 Mil.
920 3811 990 3870 696.
1014 3838 1057 3849 -
1079 3811 1150 3870 535.
1174 3809 1260 3870 cocta
1281 3811 1327 3869 est
1343 3811 1374 3866 A.

261 3943 302 3954 -·-
327 3915 396 3972 536.
428 3907 531 3984 Deos,
560 3913 684 3972 tutelam
707 3913 823 3985 domus,
853 3917 988 3990 penates,
1013 3912 1049 3970 cf.
1074 3913 1152 3984 625;
1186 3914 1374 3989 cuiusquam

262 4015 358 4073 exitus
380 4016 508 4092 proximi
536 4035 638 4074 versus
666 4015 770 4073 similis
799 4017 852 4090 sit,
886 4015 978 4087 hunc,
1013 4017 1063 4092 qui
1086 4017 1117 4072 in
1140 4015 1204 4073 solo
1226 4016 1252 4072 A
1275 4022 1373 4085 exstat,

262 4116 297 4176 R.
320 4119 403 4176 uncis
431 4117 564 4190 inclusit,
599 4119 649 4175 vix
676 4119 750 4175 iure.
806 4117 850 4176 Ne
877 4117 1072 4176 Fleckeiseuii
1102 4115 1223 4194 quidem
1245 4117 1373 4175 emenda·

197 4305 199 4310 .
261 4221 342 4278 tione
367 4217 528 4298 ,‚confexo“
554 4239 609 4296 pro
631 4211 760 4294 conficio
783 4239 857 4297 opus
880 4225 939 4294 est,
971 4242 997 4278 v.
1021 4221 1059 4278 ad
1080 4220 1188 4296 Amph.
1213 4219 1284 4278 714.
1312 4219 1371 4277 add.

262 4320 344 4380 Asin.
370 4323 439 4382 113.
479 4321 569 4381 Most.
596 4324 685 4381 1049.
726 4323 816 4381 hiere.
842 4323 912 4381 788.
953 4321 1057 4381 Pseud.
1089 4323 1157 4381 589.
1199 4320 1279 4380 Pers.
1311 4321 1372 4380 144.
