2930 5002
325 477 383 537 146
608 533 611 540 ,
832 471 923 526 Plauti
1245 469 1293 538 IV,
1310 473 1333 536 3,
1348 473 1411 524 4—13

321 660 410 728 Nihil
421 661 539 742 habeo,
557 661 750 727 adulescens
762 661 912 744 piscium,
931 683 972 726 ne
985 668 1020 726 lu
1032 662 1110 726 mihi
1123 682 1195 727 esse
1213 661 1360 744 postules.
1375 678 1413 728 93⁰

319 770 392 836 Non
414 771 507 836 uides
530 769 651 836 referre
675 790 725 834 me
748 769 883 835 auidum
907 777 977 834 rete
1000 770 1069 835 sine
1092 789 1266 854 squamoso
1290 770 1381 852 pecul

775 906 985 972 Trachalio

322 1015 395 1080 Non
418 1015 533 1100 edepol
556 1017 657 1100 piscis
681 1021 807 1098 expete,
830 1035 929 1098 quom
949 1015 999 1080 tui
1017 1015 1174 1080 sermonis
1193 1036 1263 1079 sum
1279 1015 1412 1096 indigens.

806 1151 955 1234 Gripus

322 1262 442 1328 Enicas
464 1263 530 1328 ism
552 1282 603 1326 me
627 1261 712 1342 odio,
735 1262 883 1346 quisquis
906 1283 950 1326 es.

774 1397 985 1464 Trachalio

745 1503 817 1572 Non
841 1506 946 1572 sinam
969 1526 1027 1590 ego
1051 1505 1141 1572 abire
1164 1503 1240 1571 hino
1261 1512 1309 1585 te;
1330 1522 1413 1568 mano.

810 1642 884 1709 err
915 1664 960 1708 os

324 1749 410 1816 Oeae
433 1753 479 1818 sis
503 1752 598 1817 molo.
643 1752 730 1830 Quid
752 1759 798 1832 lu,
821 1664 954 1834 meldim,
977 1771 1053 1818 nam
1077 1773 1128 1818 me
1150 1751 1315 1817 retrahis?

774 1889 987 1954 Trachalio

1339 1968 1416 2036 Audi.

809 2082 961 2165 Gripus

215 2213 223 2234 .
324 2167 397 2232 Non
422 2168 530 2234 audio.

402 2365 403 2368 Ἴ
774 2288 987 2354 Trachalio

498 2397 541 2462 At
563 2395 617 2480 pol
640 2397 697 2480 qui
720 2397 842 2462 audies.
867 2395 964 2482 [post.

813 2533 962 2616 Gripus

946 2643 1031 2724 Quin
1052 2643 1188 2726 loquere
1211 2641 1289 2726 quid
1310 2639 1419 2706 aissa

777 2763 987 2828 Trachalio

326 2869 395 2936 Eho
418 2869 528 2953 modo]
552 2871 612 2937 Est
634 2892 753 2955 operae
775 2873 917 2955 pretium
940 2871 1027 2954 qaod
1049 2872 1110 2938 tibi
1128 2891 1187 2955 ego
1204 2889 1332 2938 aeram
1346 2865 1418 2932 uolo.

809 3008 961 3089 Gripus

296 3177 297 3180 ,
326 3116 489 3200 Eloquere
512 3117 591 3201 quid
613 3116 647 3183 id
670 3123 727 3184 eet.

781 3237 993 3304 Trachalio

616 3344 706 3411 ‘Uide
729 3367 805 3410 num
828 3331 990 3430 qais'piam
1013 3345 1224 3429 consequitur
1244 3363 1338 3428 propo
1359 3359 1418 3404 nos.

811 3481 960 3564 Gripus

478 3590 606 3675 Ecquid
630 3598 689 3674 est,
711 3591 799 3676 quod
823 3611 895 3656 mee
916 3591 1060 3658 referat?

776 3727 987 3794 Trachalio

1089 3835 1230 3903 Scilicet.

479 3941 543 4009 Sed
565 3944 641 4010 boni
666 3945 782 4012 consili
805 3944 922 4030 ecquid
945 3947 978 4010 in
1001 3952 1035 4011 tc
1058 3945 1138 4011 mihi
1161 3944 1232 4012 est?

415 4181 553 4238 931Nam
574 4181 602 4236 B
671 4183 745 4237 sinos
764 4193 819 4252 qus
836 4201 898 4238 mos
917 4184 1025 4254 opteG
1092 4186 1143 4239 932
1160 4201 1220 4240 sum
1237 4179 1321 4240 aad
1380 4173 1423 4230 933

324 4268 433 4324 Eneces
450 4270 478 4323 Β
550 4269 601 4322 997
618 4267 818 4339 Uidonospiam
891 4271 942 4324 938
960 4275 990 4324 et
1008 4270 1120 4340 qaidO
1184 4262 1365 4326 asebeniae

325 4355 450 4409 consiliis
467 4354 496 4410 B
