3002 5000
163 474 205 542 ΙΙ,
226 479 250 543 2,
268 479 370 531 46-53
690 477 781 534 Parsa.

621 670 837 751 Pacpaiam

162 771 254 839 Male
278 796 411 859 operam
434 777 530 842 locas.

576 919 882 999 Sophoclidisca

427 1061 510 1139 Qui?

619 1203 835 1288 Paegnium

434 1314 517 1392 Quia
539 1315 624 1380 anim
646 1313 729 1378 nihil
752 1334 852 1393 amas,
877 1335 974 1399 quom
998 1316 1161 1397 ingratum
1184 1335 1285 1380 amas.

575 1455 878 1535 Sophoclidisca

159 1567 315 1651 Temperi
326 1567 412 1632 hana
423 1564 560 1648 uigilare
572 1570 703 1647 oportet
719 1563 894 1630 formulam
911 1572 1010 1651 atqua
1028 1567 1216 1644 aetatulam,
1235 1585 1287 1638 aaa

158 1677 222 1752 Ne,
246 1675 302 1741 ubi
323 1674 552 1757 uorsiaapillus
573 1671 643 1750 fias,
665 1671 760 1738 foeda
783 1693 910 1758 sempor
933 1677 1069 1740 saraias.

158 1784 215 1849 Tu
238 1783 368 1868 quidam
390 1783 478 1848 haud
502 1781 602 1847 aliam
627 1782 796 1864 octoginta
818 1803 853 1846 es
876 1781 995 1866 pondo.

616 1923 828 2006 Pacpaiam

1022 2037 1066 2101 Aa
1087 2033 1285 2103 confidanlia

156 2145 226 2210 Illa
250 2145 364 2210 militia
387 2145 548 2208 militatur
570 2141 673 2208 multo
695 2144 799 2225 magis
821 2163 920 2225 quam
944 2143 1097 2226 pondera.

155 2255 271 2336 Atque
294 2273 352 2336 ago
375 2253 461 2318 hana
484 2272 617 2335 oporam
639 2252 752 2335 perdo.

572 2393 875 2474 Sophoclidisca

732 2501 817 2581 Quid
840 2503 926 2569 iam?

614 2645 828 2726 Pacpaiam

864 2752 947 2830 Quia
970 2755 1095 2838 peritae
1118 2755 1282 2840 praedico,

153 2865 225 2932 Sed
249 2885 309 2948 ego
332 2883 435 2930 cesso.

570 2988 872 3069 Sophoclidisca

411 3097 517 3162 Mane.

612 3239 827 3322 Pacpniam

488 3347 630 3413 Molesta
652 3368 697 3413 as.

566 3489 868 3571 Sophoclidisca

673 3598 757 3681 Ergo
781 3619 831 3664 cro
855 3620 998 3683 quoquc,
1021 3600 1086 3665 nisi
1109 3601 1187 3682 saio,
1230 3617 1280 3671 aaa

614 3832 826 3916 Paopaiam

246 4197 295 4250 222
313 4197 427 4264 ingrata
493 4199 539 4250 2³1
561 4196 599 4250 ibi
617 4195 644 4249 Β
710 4198 826 4266 capillus
846 4197 987 4266 aesipallis
1006 4196 1040 4262 Β,
1063 4157 1172 4267 ⁰¹⁴pillos
1191 4199 1277 4252 uersi·

156 4280 285 4336 bellico
359 4283 411 4360 282
428 4299 456 4336 es
476 4282 622 4350 octoginta
696 4284 748 4336 234
766 4283 840 4337 hana
857 4299 931 4336 nuno
1004 4283 1076 4350 parit
1093 4283 1150 4338 ac
1229 4286 1279 4337 235

155 4366 291 4420 molestas
310 4363 338 4420 B
400 4381 446 4420 aro
464 4381 513 4420 am.
1189 4391 1191 4396 ·
