2864 5000
733 482 825 535 mauu
1134 482 1181 550 lv,
1200 486 1225 550 a,
1244 485 1353 537 'ro-ss

663 669 906 736 Charmides

858 778 931 843 Dixi
955 800 1014 861 ego
1036 782 1101 844 iarn
1125 781 1245 846 dudum
1271 781 1350 846 tibi:
1426 857 1427 886 ἢ

224 891 269 954 Te
293 891 400 984 potius
423 889 506 954 bene
530 889 640 953 dicere
663 893 834 972 aequomst
856 886 981 951 homini
1004 889 1108 953 amico
1131 909 1229 970 quarn
1251 889 1351 952 male.
1426 895 1427 906 ³

661 1028 918 1113 Sycophanta

226 1141 317 1206 Satin
340 1141 426 1204 inter
448 1138 542 1202 labra
565 1145 664 1220 atque
687 1137 794 1203 dentis
816 1137 914 1201 latuit
936 1139 987 1201 nir
1009 1137 1143 1201 minumi
1171 1139 1280 1220 preti?
1300 1155 1352 1206 925

667 1277 908 1344 Charmides

227 1392 273 1455 Ne
298 1390 382 1454 male
405 1389 540 1471 loquere
564 1387 691 1452 absenti
714 1388 827 1452 amico.

657 1528 916 1612 Sycophanta

768 1701 770 1706 ,
840 1637 925 1713 Quid
949 1657 1025 1719 ergo
1048 1637 1095 1700 illi
1117 1638 1352 1719 ignauissimos

226 1725 306 1790 Mihi
331 1724 506 1789 latitabat?

669 1853 908 1919 Charmides

544 1962 579 2026 Si
603 1962 816 2047 appellasses,
840 1962 1065 2044 respondisset
1087 1963 1216 2025 nomini.

228 2072 290 2136 Sed
314 2073 383 2154 ipse
406 2070 462 2135 ubi
485 2072 556 2136 est?

656 2212 918 2295 Sycophanta

428 2321 487 2385 Pol
510 2321 600 2386 illum
624 2319 742 2404 reliqui
767 2319 948 2384 Adamaute
971 2320 1004 2383 in
1028 2316 1203 2402 Cercopum
1227 2318 1351 2382 insula.

669 2461 909 2526 Charmides

229 2571 291 2647 Qui
321 2571 415 2635 homo
445 2579 495 2634 est
524 2592 573 2633 me
603 2571 824 2653 insipientior,
859 2571 914 2652 qui
945 2571 1015 2652 ipse
1043 2577 1170 2651 egomet
1196 2568 1251 2631 ubi
1287 2571 1351 2632 sim

939 2677 1142 2760 quaeritem?

229 2787 289 2850 Sed
314 2786 394 2850 nihil
418 2787 622 2851 disconducit
644 2786 720 2850 huic
742 2787 798 2850 rei.
826 2782 918 2860 ¹Quid
939 2786 1009 2850 ais?
1033 2786 1110 2869 quid
1129 2785 1189 2848 hoc
1206 2785 1296 2866 quod
1320 2797 1352 2849 te

942 2915 979 2957 ro
1003 2913 1021 2956 0
1300 2911 1319 2962 9

229 2979 317 3054 Quos
340 2981 430 3044 locos
454 2964 577 3044 adisti?
982 2913 1002 2974 g
1030 2893 1045 2958 i
1313 2913 1354 2986 '80

657 3121 920 3204 Sycophanta

627 3230 767 3294 Nimium
793 3230 975 3294 mirimodis
998 3229 1166 3294 mirabilis.

667 3381 908 3448 Charmides

228 3491 337 3555 Lubet
359 3492 482 3568 audire,
507 3493 567 3555 nisi
593 3490 805 3556 molestumst.

656 3646 676 3710 S
684 3667 729 3728 yc
742 3644 873 3728 ophan
882 3654 921 3708 ta

495 3827 496 3830 Ἴ
843 3752 927 3828 Quin
952 3753 1102 3837 discupio
1125 3753 1241 3818 dicere.

226 3863 376 3926 Omnium
397 3864 537 3944 primum
560 3864 591 3925 in
606 3860 744 3925 Pontum
761 3861 892 3925 aduecti
912 3860 1067 3926 Arabiam
1087 3872 1203 3925 terram
1226 3882 1355 3926 sumus.

310 4101 361 4153 926
379 4100 478 4167 loquar
497 4100 621 4167 eapsenti
700 4101 751 4151 927
770 4100 881 4152 nomine
960 4101 1011 4153 929
1029 4100 1242 4154 adihadamante
1261 4099 1298 4166 Β,
1320 4103 1357 4155 ad

225 4184 481 4238 rhadamantemo
528 4187 659 4252 cecropio
678 4183 713 4248 Β,
733 4184 905 4251 cecropiaG
952 4187 1000 4238 991
1021 4184 1140 4238 locusO
1190 4183 1311 4238 adistix
1332 4188 1359 4240 Β

293 4273 370 4324 miris
388 4271 479 4324 modis
537 4271 588 4324 992
607 4271 715 4322 audires
735 4269 761 4322 Β
818 4271 966 4324 molestum
985 4272 1007 4322 si
1066 4271 1117 4324 933
1135 4271 1361 4336 inpotentumC

293 4357 422 4411 adnectis
441 4358 563 4410 arabiam
583 4353 634 4408 BG
