2890 5004
263 470 324 530 462
761 465 883 520 Rudena.

260 663 290 716 et
313 658 456 716 Palestra
479 659 587 717 amissa
609 658 700 731 redit,
735 664 769 716 ut
797 659 931 718 ancillam
959 660 1061 719 saltem
1086 662 1251 734 recuperet.
1322 657 1402 714 Huic

258 761 369 838 Gripus
392 762 508 820 obviam
532 761 625 818 lactus
648 759 779 819 vidulum
799 764 941 820 amissam
959 785 990 822 ae
1007 763 1204 820 indicaturum
1221 761 1401 835 promittit,

259 867 285 923 si
315 864 371 923 sibi
399 865 542 923 talentum
575 863 645 936 det3
686 843 841 922 Damone·
869 872 968 924 autem
996 865 1083 923 herus
1112 869 1187 934 eiua,
1224 863 1267 920 ad
1305 883 1399 938 quem

259 967 406 1044 quidquid
436 987 537 1025 servus
565 968 743 1043 acquisierat
764 968 828 1025 iure
850 969 1035 1044 pertinebat,
1070 971 1189 1044 accepto
1213 967 1341 1024 talento
1367 977 1397 1022 et

260 1071 384 1148 Gripum
408 1090 496 1128 manu
518 1072 612 1128 mittit
635 1075 665 1128 et
688 1070 825 1129 ancillam
849 1092 866 1128 a
887 1072 992 1130 lenone
1015 1069 1143 1156 redimit.

345 1173 426 1230 Hanc
445 1173 575 1230 fabulam
595 1176 645 1249 qui
664 1173 764 1232 Graece
781 1177 908 1251 scripsit,
933 1173 1072 1250 Diphilus
1083 1172 1254 1250 Sinopensis
1277 1165 1323 1248 (v.
1339 1175 1392 1229 3-2Ἰ

260 1297 318 1352 quo
342 1277 458 1333 nomine
482 1275 676 1352 appellaverit
692 1279 857 1349 ignoratur,
882 1277 1007 1336 Plautus
1023 1271 1198 1336 Rudenlem
1216 1277 1392 1332 nominarit
1438 1283 1439 1304 ³

260 1399 277 1434 a
300 1379 424 1437 rudente
442 1381 487 1436 vel
507 1384 578 1450 reta,
599 1398 657 1455 quo
678 1379 795 1437 vidulus
812 1381 926 1438 lenonia
944 1401 959 1436 e
976 1383 1049 1437 mari
1067 1378 1235 1436 extrahitur
1252 1371 1300 1451 (v.
1318 1379 1388 1436 926.

220 1549 226 1560 ,
262 1484 352 1540 1002.
380 1475 484 1555 1018).
530 1483 616 1552 Quod
639 1484 664 1538 si
686 1485 752 1559 quis
774 1489 895 1558 quaerat.
920 1503 971 1541 cur
990 1503 1008 1540 a
1029 1481 1152 1539 rudente
1170 1483 1276 1555 potius
1298 1501 1387 1556 quam

259 1585 359 1644 vidulo
393 1603 499 1642 nomen
533 1585 660 1660 ceperit,
700 1583 920 1644 Studemundus
955 1579 1068 1658 (Ravua
1102 1583 1138 1642 de
1173 1583 1386 1642 l’Instruetina

259 1687 400 1764 publique
424 1707 460 1744 en
486 1687 625 1762 Belgique
647 1685 740 1744 XXV.
768 1684 860 1760 1882)
892 1687 993 1746 docuit
1023 1687 1145 1744 alteram
1168 1686 1269 1744 Plauti
1303 1688 1384 1743 laba·

259 1789 327 1860 lam,
346 1786 538 1860 Vidulariam‚
561 1793 726 1864 argumenti
743 1789 805 1849 fera
823 1792 932 1867 gemini
951 1791 1050 1848 fuisse.
1097 1790 1167 1861 Quae
1184 1791 1209 1846 si
1229 1789 1384 1864 antiquior

227 1911 229 1916 ·
260 1891 327 1964 fuit,
351 1911 385 1948 eo
404 1895 521 1950 nomine
539 1895 598 1950 iam
617 1898 762 1968 occupato
778 1913 863 1952 novae
881 1893 987 1952 fabula
1006 1893 1088 1952 aliud
1104 1891 1299 1969 quarendum
1318 1893 1381 1949 fait.

344 1994 458 2052 Fabula
491 1995 692 2070 pulcherrima
725 2015 815 2072 quum
846 1999 939 2055 multa
971 2017 1053 2064 vere¹
1069 1997 1193 2066 comica,
1228 1999 1292 2052 tum
1325 2015 1381 2052 noa

258 2118 354 2174 pauca
382 2099 461 2154 seria
489 2103 520 2154 at
547 2098 714 2156 formidinis
743 2105 774 2156 et
801 2100 1017 2158 misericordia·
1036 2099 1124 2176 plena
1156 2097 1260 2168 habet,
1297 2105 1334 2155 ut
1365 2118 1381 2152 a

259 2203 354 2259 nostri
381 2201 526 2277 temporis
560 2201 669 2259 fabulis
697 2203 793 2258 minus
820 2221 908 2278 qaam
938 2202 1001 2259 alias
1034 2202 1185 2278 pleraeque
1218 2199 1379 2258 abhorrere

258 2303 404 2362 videatur.
459 2303 495 2361 In
528 2323 613 2361 suum
646 2323 733 2362 usum
767 2305 916 2362 convertit
946 2309 1037 2381 poeta
1068 2303 1177 2376 Italus,
1211 2303 1378 2362 Ludorieas

258 2406 366 2478 Doleo,
396 2427 485 2484 quum
508 2407 637 2465 fabulam
663 2405 703 2479 „il
726 2403 881 2466 Rudiano“
906 2408 1063 2480 scriberet,
1095 2425 1132 2465 ne
1155 2407 1230 2464 alios
1252 2425 1374 2466 comme·

259 2529 370 2568 morem
392 2511 489 2567 minus
511 2513 608 2567 notos.

346 2611 532 2688 Palimpsesti
560 2612 750 2670 Ambrosiaai
781 2615 818 2671 ad
851 2614 926 2672 hanc
959 2613 1089 2672 fabulum
1122 2617 1236 2690 septem
1263 2616 1375 2670 tantam

259 2715 332 2773 folia
354 2717 513 2792 pertinent,
545 2734 669 2792 quorum
698 2735 788 2792 quum
812 2719 843 2775 in
864 2717 962 2776 tribus
984 2721 1015 2775 et
1037 2717 1068 2773 in
1091 2716 1186 2774 altera
1207 2717 1304 2792 quarti
1325 2733 1374 2792 pa·

261 2821 330 2894 gina
352 2821 412 2876 fere
434 2819 508 2876 nihil
530 2819 589 2894 legi
612 2820 715 2895 possit,
738 2824 850 2896 septem
873 2825 989 2898 pagina
1011 2825 1135 2891 restant,
1165 2837 1231 2895 quae
1253 2819 1373 2875 fructum

261 2923 388 2998 aliquem
407 2921 511 2980 afferre
531 2925 656 2998 possint.
690 2921 745 2980 His
761 2923 792 2980 hi
812 2924 873 2981 lere
885 2943 986 2982 versus
1004 2925 1108 2999 scripti
1126 2927 1205 2996 aunt,
1224 2922 1369 2980 alu-28.

262 3027 416 3098 507-76,
443 3027 598 3083 752-87.
643 3025 812 3100 Scripturas
841 3032 999 3085 enatarunt
1026 3027 1123 3084 Maius
1153 3030 1184 3082 et
1212 3024 1369 3100 Geppertus

259 3129 341 3205 praef.
365 3149 393 3204 p.
418 3127 442 3182 V
465 3149 508 3204 sq.
560 3129 682 3187 (lodices
704 3127 879 3187 Vaticanum
902 3122 953 3204 (Β)
977 3133 1007 3187 et
1030 3127 1301 3203 Heidelbergensem
1325 3121 1367 3201 (C)

260 3233 323 3307 ipae
345 3231 465 3288 contuli.
521 3232 555 3289 Ia
578 3231 674 3288 media
695 3231 809 3304 fabula,
844 3237 912 3308 post
934 3252 960 3289 v.
987 3233 1062 3306 630,
1097 3251 1186 3308 quum
1209 3230 1253 3287 vel
1277 3245 1365 3302 margo

261 3335 413 3410 archetypi
442 3333 550 3390 codicis
573 3334 620 3391 vel
644 3332 709 3391 aliae
733 3337 796 3393 eiua
818 3339 919 3409 partes
942 3334 1039 3392 labem
1063 3334 1191 3409 aliquam
1214 3335 1363 3390 contraxis-

260 3444 334 3514 sent,
358 3440 472 3514 aliquot
494 3437 566 3494 locis
589 3441 641 3495 aut
663 3437 693 3493 in
716 3437 863 3512 principio
885 3441 937 3495 aut
958 3439 989 3494 in
1012 3437 1092 3494 exitu
1115 3455 1250 3495 versuum
1272 3437 1361 3494 autin

260 3543 363 3600 mediis
387 3545 476 3599 etiam
498 3539 613 3597 librarii
635 3539 756 3598 lacunas
777 3539 963 3612 indicarunt;
997 3539 1050 3598 aed
1072 3538 1154 3616 quod
1175 3545 1243 3618 post
1263 3559 1289 3594 v.
1310 3539 1359 3596 422

259 3644 393 3720 pluribus
416 3647 487 3704 locis
510 3636 730 3700 Fleckeiseniua
754 3661 855 3702 versus
878 3641 1022 3700 excidisse
1043 3643 1178 3719 putavit,
1212 3643 1282 3701 falsa
1306 3660 1358 3700 eun

261 3747 377 3822 decepit
399 3747 508 3805 codicis
531 3746 555 3803 B
577 3747 704 3821 species;
727 3763 755 3803 v.
779 3745 816 3804 ad
840 3763 905 3802 eum
928 3744 1036 3804 locum.
1064 3774 1100 3785 -
1119 3745 1280 3824 Separatim
1297 3745 1356 3801 hanc

260 3848 387 3905 fabulam
422 3849 579 3906 ediderunt
611 3847 730 3905 Reiaius
767 3849 861 3920 1789,
903 3845 935 3906 C.
959 3847 993 3905 Ε.
1018 3847 1070 3906 Oh.
1094 3848 1254 3907 Schneider
1283 3847 1353 3916 1524,

260 3950 429 4026 Geppertus
456 3953 543 4009 1846.
589 3950 803 4010 Annotationes
825 3951 856 4007 in
879 3950 1044 4010 Rudentem
1067 3953 1248 4029 scripserunt
1264 3951 1352 4022 Kamp·
1438 3959 1439 4024 J

260 4073 394 4124 mannus,
431 4052 549 4111 Vratisl.
577 4054 672 4122 1830,
707 4056 737 4109 et
765 4050 931 4110 Francken.
954 4051 1136 4128 Mnemosya.
1165 4073 1231 4112 nov.
1253 4071 1301 4110 aar.
1320 4048 1352 4106 ΠΙ
1438 4061 1439 4064 ’

259 4149 371 4232 (lale)
394 4173 424 4231 p.
450 4157 488 4212 34
513 4175 578 4232 sqq.

344 4259 541 4324 Personarum
575 4259 693 4316 nomina
726 4252 827 4314 Graeca
859 4261 941 4328 sunt,
981 4258 1090 4334 partim
1130 4257 1256 4334 vulgaris
1289 4271 1349 4321 usus,
1414 4251 1417 4260 '

258 4364 369 4440 partim
396 4363 515 4434 ingenia
537 4360 687 4417 hominum
710 4359 915 4434 significantia,
938 4360 1021 4418 velut
1038 4352 1167 4418 Labrax
1182 4360 1247 4417 leno
1264 4355 1350 4414 dicitur
