2930 5002
564 503 685 558 Rudenr.
706 555 708 560 .

509 694 726 759 Daemones

733 802 806 866 Dixi
830 803 922 868 satis.
1041 793 1046 808 '

64 911 100 974 Et
120 910 176 976 ubi
198 911 253 978 ille
278 933 393 977 seruos
417 931 490 977 eum
514 931 570 976 ero
592 910 657 974 huo
679 909 861 988 aduersarii,

64 1018 120 1095 Qui
142 1041 233 1085 erum
257 1021 443 1111 arcessiuit,
467 1021 549 1084 itote
573 1019 736 1102 extemplo
761 1018 902 1084 domum.

64 1127 176 1194 Curate
199 1128 282 1194 haee
304 1130 400 1194 saltis
423 1148 541 1211 magna
564 1127 743 1208 diligentia.

541 1263 697 1328 Lobraa

64 1373 107 1438 Eu
127 1373 236 1439 hercle
259 1395 300 1440 ue
323 1375 398 1439 istie
421 1373 498 1440 fana
522 1379 691 1439 mutantur
714 1375 796 1453 eit03
1129 1391 1181 1443 810

62 1481 209 1548 lamhee
232 1483 367 1548 Herculi
390 1487 449 1582 est,
471 1483 564 1548 modo
587 1481 723 1547 Ueneris
747 1482 859 1547 fanum
882 1482 971 1566 quod
994 1481 1072 1562 fuit;
1120 1563 1121 1567 Ἰ

63 1591 110 1656 lta
132 1592 194 1657 duo
218 1591 371 1656 destituit
395 1591 488 1674 signa
510 1589 563 1654 hie
587 1611 660 1654 eam
684 1590 787 1655 clauis
811 1611 920 1656 senex.

63 1699 128 1765 Non
150 1700 259 1765 hercle
282 1722 347 1783 quo
370 1699 446 1765 hine
469 1719 554 1763 uuna
577 1699 722 1780 gentium
745 1697 912 1780 aufugiam
935 1700 1020 1777 seio;

63 1809 110 1872 lta
130 1829 216 1874 nune
239 1809 319 1873 mihi
342 1814 518 1893 utrumque
542 1809 659 1884 saeuit,
684 1814 717 1871 et
740 1812 829 1871 terra
853 1814 885 1870 et
908 1827 1009 1872 mare.

64 1915 237 1982 Palaestra.

535 2018 701 2083 Lorarii

295 2127 380 2206 Quid
402 2128 476 2194 uis?

537 2256 700 2323 Labrae

521 2366 641 2450 Apage,
665 2370 896 2432 controuersia·
916 2377 980 2444 est3
1132 2387 1183 2438 815

65 2477 146 2541 llaec
169 2476 301 2560 quidem
326 2475 495 2542 Palaestra
518 2497 603 2560 quae
625 2475 796 2558 respondit
820 2498 883 2540 uou
908 2499 979 2540 mee
1003 2485 1061 2542 est.

66 2583 159 2665 Heus,
182 2583 376 2668 Ampelisca.
1111 2581 1113 2584 ’

538 2715 702 2780 Lorarii

415 2822 503 2891 caue
527 2825 572 2890 sis
594 2823 785 2890 infortunio.

541 2961 699 3026 Labrax

70 3073 106 3138 Ut
127 3069 246 3157 ¹potest,
268 3072 380 3155 ign'aui
402 3071 550 3136 homines
575 3070 656 3136 satis
678 3077 768 3135 reete
791 3078 933 3137 monent.

69 3179 124 3249 Sed
146 3183 239 3248 uobis
264 3181 347 3258 dieo,
371 3179 453 3246 heus
476 3201 546 3258 uos,
569 3201 646 3244 num
671 3179 839 3244 molestiae
862 3188 912 3243 est

70 3288 112 3355 lle
134 3290 224 3355 adire
247 3289 289 3353 ad
312 3289 386 3356 illas
409 3288 566 3376 propius?

538 3413 703 3478 Lorarii

595 3521 686 3586 Nihil
708 3521 805 3586 nobis
828 3521 970 3606 quidem.
1132 3538 1184 3590 820

543 3659 703 3724 Labrax

72 3765 247 3853 Numquid
272 3767 446 3834 molestum
470 3767 548 3832 mihi
573 3767 659 3831 erit?

541 3909 705 3974 Lorarii

694 4017 794 4098 Nihil,
820 4019 848 4084 si
871 4017 1006 4082 eaueris.

77 4140 263 4151 ——m

148 4227 196 4279 808
212 4225 312 4281 herum
330 4208 477 4294 adoerriuit
496 4223 522 4277 B
604 4225 655 4276 809
673 4224 765 4276 stultis
849 4221 1012 4289 deiligentia
1030 4219 1057 4273 B
1134 4221 1185 4272 810

75 4307 144 4362 Eheu
192 4310 394 4365 Sllmodoorra
442 4311 493 4364 816
504 4309 631 4378 equidem
679 4307 950 4364 818monentom.0
995 4304 1185 4361 819moleetia

76 4393 116 4446 821
134 4393 259 4468 Nunquid
