2920 4998
508 475 541 531 V.
558 477 704 532 812-8'1-7.
974 509 977 518 ·
1109 483 1171 544 493
1197 535 1201 545 ,

39 679 74 735 in
101 675 272 754 proximum
294 672 389 732 trahit
410 671 562 730 Acidalius
583 690 638 749 pro
667 663 828 732 abduxisti
853 667 1006 744 „enexsti“
1031 673 1171 732 scribens.

39 807 84 820 -
112 773 199 838 Eum
221 776 288 838 edd.
312 806 353 816 -
379 768 464 850 Quor
485 767 607 850 nepas?
628 793 686 851 qno
710 773 798 832 modo
820 792 929 849 negare
951 775 1057 852 potes?
1079 797 1108 834 v.
1135 774 1172 832 ad

39 883 117 940 Aul.
144 882 218 942 733:
245 879 323 955 „Gur
344 899 375 938 es
398 874 528 938 ausus?“
552 907 595 918 ·-
622 879 693 935 853.
723 891 808 936 nunc
830 875 947 951 addidi,
977 880 1059 937 ouius
1082 881 1172 936 vesti-

38 987 133 1062 gium
163 983 289 1042 fortasse
317 983 391 1040 latet
417 983 447 1040 in
470 981 502 1040 B.
548 980 579 1039 Si
600 980 764 1053 omittitur,
800 973 859 1038 tibi
886 981 1083 1058 posteriorem
1104 1001 1172 1058 pro·

38 1089 143 1145 ducit.
197 1085 243 1144 Fl.
282 1082 417 1158 „bodie“,
452 1083 505 1142 ssd
539 1083 636 1142 deleto
676 1077 772 1155 ,me“.
811 1111 848 1122 -
883 1083 953 1142 854.
987 1097 1064 1142 num
1096 1079 1175 1161 quid

39 1191 133 1248 Reiz.
177 1187 263 1247 mulo
285 1187 403 1246 Gruter.
434 1215 475 1227 -
506 1188 577 1246 855,
601 1178 743 1258 uerbum,
775 1185 811 1244 of.
836 1183 873 1242 ad
902 1185 1007 1244 Baooh.
1032 1188 1102 1245 873.
1132 1217 1174 1227 -

40 1321 91 1333 -
116 1293 190 1350 859.
212 1285 320 1362 uades,
343 1292 397 1362 vis,
421 1312 448 1348 v.
473 1290 510 1348 ad
532 1290 613 1347 Asin.
639 1289 709 1347 473.
737 1317 773 1327 --
805 1289 875 1347 863.
906 1285 991 1364 quod
1012 1290 1173 1365 quoerant.

41 1395 95 1453 Tu
118 1394 177 1453 tibi
199 1393 305 1451 molam
328 1412 389 1450 rom
412 1393 555 1469 quaesisti.
575 1421 617 1433 -
641 1390 711 1450 864.
735 1405 783 1450 me
805 1391 885 1450 Cam.
905 1421 947 1432 -
971 1392 1041 1450 866.
1065 1386 1175 1451 Elium

41 1489 216 1556 retentas?
246 1495 367 1554 Labrax
395 1499 473 1554 enim
501 1515 588 1554 manu
617 1514 682 1553 eum
711 1495 841 1552 retinere
865 1498 997 1553 conatur.
1044 1495 1088 1554 Fl.
1112 1495 1174 1553 hac

43 1599 227 1677 Plesidippo
250 1598 347 1672 dedit,
381 1599 433 1657 sed
461 1599 523 1657 eius
551 1599 610 1656 alia
638 1605 683 1656 est
704 1598 845 1675 loquendi
869 1599 962 1670 ratio,
993 1619 1020 1656 v.
1045 1600 1106 1657 870
1129 1619 1173 1674 sq.

43 1733 93 1744 —
130 1703 201 1761 888.
235 1702 342 1760 Hiatus
375 1703 405 1759 in
440 1707 553 1759 mutata
587 1719 728 1778 persona3
762 1700 865 1759 Muell.
899 1699 1020 1758 Nachtr.
1055 1721 1084 1778 p.
1116 1703 1173 1760 84:

48 1807 169 1881 „Immo
191 1801 356 1881 equidem.“
388 1831 427 1843 -
463 1804 533 1863 869.
567 1798 698 1878 recipit,
729 1823 768 1862 sc.
792 1809 837 1876 te,
860 1822 886 1861 v.
911 1803 949 1860 ad
971 1795 1076 1861 Baoob.
1102 1806 1173 1863 291.

45 1939 95 1950 -
119 1910 191 1967 870.
218 1901 308 1982 Quid,
331 1897 445 1978 sures?
473 1899 570 1981 Rape.
611 1905 679 1964 Haeo
703 1904 770 1964 edd.
793 1906 871 1963 inter
893 1905 1033 1963 lorarium
1057 1912 1088 1964 et
1110 1905 1175 1964 Ple·

45 2012 205 2088 sidippum
230 2009 379 2081 dividuut;
408 2009 458 2068 sed
478 2011 517 2094 in
547 2008 631 2067 oodd.
656 2027 788 2084 persona
817 2009 946 2085 spatium
971 2014 1039 2066 anta
1065 2010 1171 2087 „rape“

46 2135 113 2173 non
137 2118 230 2190 patet.
275 2111 340 2188 Ego
369 2115 466 2170 omnia
493 2111 664 2189 Plesidippo
693 2110 771 2168 dedi.
799 2140 842 2150 -
876 2113 946 2170 873.
980 2107 1075 2170 smel
1096 2107 1173 2171 bibO.

49 2217 144 2292 „Non
172 2215 256 2273 lubet
277 2212 427 2272 Charmidi
456 2216 563 2273 iterum
592 2235 656 2272 oum
679 2215 785 2273 lenone
807 2213 908 2274 bibere
931 2233 1027 2291 neque
1050 2213 1087 2272 ad
1110 2235 1176 2274 eum

47 2320 174 2378 devorti
205 2321 237 2376 in
269 2318 447 2394 hospitium,
481 2319 531 2394 qni
564 2323 625 2376 tam
654 2317 746 2376 auidis
774 2318 887 2395 poculis
915 2337 1011 2395 nuper
1038 2320 1069 2375 in
1100 2319 1176 2377 mari

47 2427 195 2498 acceptus
217 2417 324 2493 asset“,
348 2419 520 2478 Gulielmus.
565 2419 659 2478 Addit
681 2421 717 2478 de
740 2421 816 2479 malo
839 2425 869 2478 et
897 2421 1060 2480 infortunio
1083 2426 1117 2480 ut
1139 2421 1176 2479 do

48 2527 178 2603 potione
210 2542 287 2600 steps
315 2524 398 2599 loqui
424 2523 576 2596 Plautum,
607 2527 641 2581 ut
669 2522 736 2580 Aul.
761 2526 838 2582 271:
883 2524 1009 2598 „malum
1045 2543 1176 2583 maerore

51 2633 160 2686 metuo
186 2645 222 2684 ue
252 2629 375 2684 mixtum
403 2621 532 2686 bibam“.
585 2625 649 2686 Cas.
673 2627 750 2686 863:
788 2626 847 2700 ,Ut
875 2645 963 2685 senex
991 2626 1047 2685 boo
1075 2628 1176 2684 eodem

51 2729 178 2806 poculo,
200 2748 257 2804 quo
280 2747 335 2803 ego
358 2727 428 2802 bibi,
452 2726 598 2788 biberet“.
643 2729 749 2788 Luchs.
768 2730 799 2787 in
818 2727 948 2788 Studom.
962 2727 1045 2788 stud.
1062 2730 1077 2787 Ι
1093 2750 1122 2807 p.
1138 2731 1175 2788 52

56 2835 145 2906 ,sine
171 2837 201 2888 te
230 2830 318 2890 bibo“
350 2837 403 2890 out
438 2833 536 2904 ,solus
564 2828 654 2890 bibo“
685 2837 737 2890 aut
770 2832 852 2892 aliud
885 2833 957 2910 quid
990 2831 1177 2891 scribendum

53 2939 174 3006 censet3
197 2935 275 2994 Brix.
301 2937 378 2992 Anu.
401 2935 473 3012 phil.
492 2934 616 2992 CXXXI
638 2955 668 3011 p.
688 2936 763 2993 203:
788 2936 898 3009 ,semel
920 2933 1017 2995 eluo“.
1040 2965 1082 2976 —
1106 2936 1176 2994 874.

54 3029 229 3112 infelicent,
251 3057 278 3094 v.
298 3038 335 3096 ad
354 3037 441 3115 Epid.
465 3039 511 3096 14.
530 3068 572 3077 -
593 3030 663 3110 Isti,
686 3040 705 3096 i.
727 3059 753 3098 e.
776 3043 838 3097 tuo.
857 3068 898 3080 —
922 3040 993 3098 877.
1017 3033 1085 3098 eius
1108 3038 1176 3097 add.

54 3141 121 3212 Fl,
145 3139 194 3198 sed
217 3144 285 3218 post
310 3137 467 3216 ,collum“.
513 3139 591 3201 Brix.
604 3140 641 3198 ad
660 3140 740 3200 Men.
755 3144 813 3202 105
840 3141 1062 3214 ,collumbari“,
1092 3141 1177 3199 male.

58 3243 185 3302 Versum
214 3242 302 3301 affert
329 3242 469 3303 Prisoian.
493 3242 519 3300 V
546 3263 574 3320 p.
600 3244 676 3302 646:
714 3244 806 3318 ,Nam
837 3247 867 3304 iu
895 3245 1057 3303 columbari
1085 3245 1178 3303 sollus

56 3345 141 3404 haud
167 3345 291 3404 multum
319 3351 390 3424 post
421 3343 508 3405 erit“.
564 3345 671 3404 Addit:
709 3340 889 3420 „c'olumbar
916 3347 1064 3425 significat
1085 3367 1178 3424 genus
1271 3329 1275 3332 ⁵

56 3444 205 3522 vinouli“,
229 3449 308 3525 quod
330 3447 466 3525 pluribus
489 3449 617 3526 explicat
639 3447 803 3508 Francken.
827 3471 856 3528 p.
882 3452 936 3509 55:
970 3451 1180 3528 „Signffioatur

56 3551 226 3632 patibulum
248 3572 285 3610 ex
307 3550 423 3610 duobus
446 3551 594 3610 asseribus
617 3553 658 3610 sio
682 3556 886 3628 compositum,
914 3558 948 3610 ut
978 3553 1109 3611 foramen
1131 3571 1179 3610 ro·

57 3653 186 3714 turdum
209 3655 405 3731 relinquatur,
427 3655 459 3712 in
481 3654 559 3730 quod
583 3654 689 3714 sollum
711 3655 875 3715 includitur
897 3655 1012 3714 duobus
1032 3654 1179 3712 asseribus

58 3759 187 3816 firmiter
212 3760 292 3816 iuter
321 3778 352 3816 se
381 3757 518 3816 admotis.
568 3756 647 3816 lllud
660 3803 666 3815 .
681 3804 686 3816 .
701 3805 708 3816 .
722 3779 758 3816 ex
785 3757 980 3818 similitudino
1010 3755 1179 3815 oolumbars

58 3862 180 3932 dieitur,
213 3857 458 3936 quemadmodum
482 3859 539 3917 alia
561 3879 678 3937 quoque
700 3863 763 3920 eius
784 3862 886 3919 formas
908 3860 1054 3920 foramina
1078 3859 1180 3936 appel-

59 3957 191 4036 lautnr“,
223 3968 257 4020 ut
279 3961 395 4020 Vitruv.
419 3962 468 4034 lv,
493 3964 524 4035 2,
554 3963 573 4020 4
597 3983 667 4022 osvo
695 3966 725 4021 in
753 3964 934 4041 parietibus,
968 3961 1075 4039 quibus
1097 3963 1180 4038 tigna

58 4068 272 4139 immittuntur,
296 4065 367 4124 Isid.
391 4065 473 4138 Orig.
495 4063 575 4138 XIX,
601 4067 628 4138 2,
654 4069 670 4126 3
695 4066 760 4125 loca
783 4086 917 4140 oonoava,
947 4084 1088 4142 perque
1111 4067 1180 4123 emi·

60 4172 135 4228 nent
161 4169 234 4226 remi
260 4168 291 4225 in
320 4170 440 4227 summis
462 4169 606 4228 lateribus
627 4171 756 4227 navium.
806 4168 879 4227 Indo
903 4169 1078 4227 emendatur
1099 4167 1179 4226 Fest.

59 4293 92 4349 p.
119 4273 192 4329 169:
225 4270 423 4342 „columbaria
445 4274 475 4329 in
498 4291 572 4329 nave
596 4271 787 4346 appellantur
810 4291 853 4343 ea,
883 4272 991 4347 quibus
1013 4272 1085 4329 remi
1108 4273 1179 4327 emi·

61 4369 170 4446 nant“;
200 4393 264 4450 quae
288 4372 451 4432 afferuntur
474 4373 510 4432 ad
534 4373 633 4431 Plauti
657 4393 773 4432 versum
795 4367 858 4450 (qui
881 4374 1091 4452 Amphitruoni
1114 4380 1181 4432 ante
