2890 5004
295 428 357 488 aas
819 421 910 474 praue
1205 423 1252 486 rr,
1267 424 1290 489 s,
1307 423 1380 476 sa-r.
1418 377 1419 400 ³

754 609 954 674 Callicles

210 809 214 816 ι
297 720 360 786 Ubi
383 721 412 784 is
435 719 572 796 homost,
596 740 692 802 quem
716 719 821 784 dicis?

733 838 981 904 Diniarchus

730 973 735 987 ·
790 948 925 1024 Adsum,
951 947 1118 1028 Callicles;
1143 957 1251 1034 perte
1273 950 1383 1014 obsecro

295 1059 419 1133 Genua,
441 1065 478 1124 ub
500 1067 534 1122 tu
559 1060 643 1121 istuc
666 1059 859 1139 insipienter
882 1057 1005 1124 factum
1028 1060 1193 1140 sapienter
1215 1059 1297 1123 seres

295 1168 439 1251 Mihique
462 1170 623 1248 ignoscas,
646 1167 733 1248 quod
756 1167 857 1230 animi
880 1167 975 1249 inpos
999 1169 1066 1230 uini
1090 1169 1173 1232 uitio
1196 1167 1330 1232 fecerim.

756 1284 955 1350 Callicles

294 1397 366 1462 Non
391 1398 514 1479 placet,
546 1398 577 1459 in
601 1381 726 1460 riiutum
756 1397 810 1474 qni
842 1395 970 1476 culpam
999 1395 1135 1470 confert,
1170 1397 1225 1478 qui
1250 1419 1310 1460 noa
1335 1398 1382 1480 quir

1007 1504 1107 1587 loqui.

294 1616 377 1679 Nam
400 1619 521 1688 uinum,
546 1615 573 1676 si
596 1613 738 1688 fabulari
763 1620 884 1694 posset,
909 1633 942 1676 se
965 1611 1165 1678 defenderet.
1350 1633 1384 1682 sn

294 1724 365 1788 Non
389 1725 500 1788 uinum
522 1723 607 1786 uiris
630 1722 802 1796 moderari,
828 1721 884 1784 sed
909 1722 972 1784 uiri
997 1723 1073 1785 uino
1097 1723 1212 1792 solent.
1418 1791 1419 1796 ,

295 1833 357 1908 Qui
380 1832 511 1916 quidem
535 1831 629 1914 probi
652 1839 737 1905 sunt,
761 1852 876 1893 uerum
899 1831 955 1910 qui
978 1829 1158 1912 inprobust
1182 1833 1304 1914 siquid
1326 1833 1382 1896 bibl
1418 1899 1419 1902 Ἴ

294 1943 369 2005 Siue
392 1942 475 2004 adeo
500 1947 591 2004 caret
614 1947 745 2011 temeto,
769 1947 878 2002 temen
903 1939 944 2002 ab
968 1940 1096 2020 ingenio
1121 1941 1297 2022 improbust.
1418 1963 1419 2038 p

729 2058 979 2122 Diniarehus
1418 2039 1419 2054 ¹

293 2170 366 2234 Scio
391 2169 549 2252 equidem,
572 2189 656 2250 quae
682 2169 755 2232 nolo
780 2168 883 2232 multe
907 2168 984 2230 mihi
1008 2168 1172 2233 audienda
1194 2170 1235 2235 ob
1259 2173 1377 2235 noxiam:

295 2279 363 2358 Ego
386 2279 446 2342 tibi
471 2299 520 2340 me
544 2277 720 2341 obnoxium
742 2299 813 2340 esse
837 2277 944 2340 fateor
965 2277 1083 2359 culpae
1110 2287 1300 2361 compotem.
1352 2295 1385 2346 ru

775 2396 936 2460 Ancilla

293 2505 453 2580 Callicles
477 2506 551 2568 uide
574 2527 698 2588 quaeso
721 2505 815 2570 nobis
838 2527 878 2569 ne
901 2505 1004 2570 facias
1027 2508 1189 2571 iniuriam.
1417 2501 1418 2504 '

293 2617 380 2680 Reus
404 2615 530 2679 solutus
553 2635 685 2678 caueam
711 2615 806 2692 dicit;
830 2617 925 2679 testis
948 2615 1079 2679 uinctos
1102 2618 1232 2680 attines.

757 2732 953 2799 Callicles
1014 2767 1017 2772 ·

219 2853 223 2860 '
293 2843 417 2908 Soluite
441 2845 532 2907 istas,
579 2844 673 2924 Agite
697 2842 784 2906 abite
808 2852 844 2906 tu
869 2844 1000 2908 domum
1024 2851 1057 2909 eb
1079 2852 1116 2908 tu
1140 2853 1248 2911 autem
1272 2846 1382 2910 domum.

293 2953 456 3034 Eloquere
480 2953 561 3016 haec
584 2973 659 3015 erae
683 2961 727 3030 tu,
751 2974 886 3036 puerum
909 2952 1036 3032 reddat,
1068 2955 1095 3019 si
1119 2957 1192 3038 quis
1216 2977 1286 3019 eum
1308 2957 1381 3036 petel.

294 3061 424 3132 Eamus,
449 3067 494 3136 tu,
519 3062 551 3123 in
577 3061 634 3124 ius.

728 3182 979 3246 Diniarchus

507 3289 590 3366 Quid
614 3292 665 3354 uis
689 3291 721 3354 in
745 3292 795 3354 ius
817 3313 868 3354 me
891 3291 960 3354 ire?
983 3299 1019 3354 tu
1042 3300 1234 3374 es.preetor
1256 3291 1333 3356 mibi.
1348 3303 1381 3354 830
1414 3343 1415 3356 ,

293 3398 411 3462 Uerum
436 3405 469 3462 be
493 3401 638 3474 obsecro,
661 3406 698 3463 ut
721 3407 812 3463 tuem
834 3407 966 3480 gnatam
990 3399 1047 3464 des
1071 3400 1150 3464 mibi
1174 3422 1311 3476 uxorem,
1331 3393 1380 3458 cal-

1006 3509 1108 3573 lieles.

377 3718 428 3768 816
446 3720 495 3767 tuo
513 3712 549 3775 Β,
568 3718 617 3766 tue
636 3712 659 3768 0
723 3714 776 3765 817
793 3713 932 3781 insipient'
952 3711 1062 3780 sipient’
1081 3712 1109 3767 B
1174 3715 1225 3768 elo
1242 3717 1336 3766 mutum
1349 3722 1378 3759 cu

292 3813 327 3870 pe
345 3801 378 3868 B,
398 3807 504 3853 mutum
524 3799 710 3868 qnippiemC
780 3799 876 3852 confer
890 3799 956 3868 quid
1034 3801 1086 3852 820
1102 3799 1255 3854 lsbnlerem
1272 3797 1378 3867 pontu

293 3888 470 3941 defenderem
541 3891 588 3940 821
610 3887 736 3940 airinom,
809 3885 858 3937 sed
877 3887 933 3937 nim
952 3903 1008 3938 non
1028 3887 1122 3940 solent
1182 3888 1232 3939 822
1250 3882 1332 3953 probri

293 3975 346 4024 iam
365 3973 571 4041 prnbnsestsi
591 3973 714 4041 quamsi
735 3973 806 4024 bibit
896 3975 990 4024 stete
1010 3989 1053 4024 me
1073 3971 1156 4027 Tuc
1239 3969 1377 4023 timidum

294 4059 436 4126 improbus
506 4061 557 4111 824
575 4059 698 4111 obnoxie
766 4061 817 4111 825
836 4075 924 4111 essem
994 4057 1078 4110 cultee
1097 4057 1133 4125 Β,
1154 4056 1268 4110 culteC
1324 4067 1375 4103 con·

293 4150 358 4211 pote
378 4144 413 4196 rni
492 4144 543 4195 826
565 4159 585 4197 o
604 4145 731 4196 Callicies
810 4143 918 4198 uideB
992 4161 1183 4210 qnaeeomnem
1202 4143 1284 4196 lecim
1344 4134 1375 4186 3²3

293 4228 640 4296 tepamctestisuieto
660 4230 712 4281 sati
732 4230 791 4281 inea
860 4231 912 4282 829
931 4247 976 4282 ere
1050 4227 1268 4283 subeamusto
1325 4225 1392 4274 inu.

363 4325 457 4368 etues
528 4319 576 4368 831
598 4316 666 4368 mibi
685 4315 779 4369 ΜΟ
