3002 5000
622 493 713 549 Persa.

555 682 761 749 Dordalus

476 792 525 874 Ei,
547 791 649 858 Persa
671 813 722 856 me
745 813 877 877 pessum
901 792 1003 859 dedit.

597 932 722 1016 Uiryo

100 1041 196 1109 Pater
217 1041 273 1108 hio
295 1062 387 1108 meus
409 1047 468 1109 est.

557 1161 761 1228 Dordalus

508 1269 601 1350 Hem,
625 1271 727 1356 quid?
750 1271 872 1355 pater?
915 1270 1003 1337 Parii
1026 1272 1156 1355 oppido.

101 1378 183 1458 Quid
207 1398 267 1461 ego
290 1379 391 1462 igitur
413 1399 506 1446 nesso
528 1378 641 1444 infelix
662 1378 876 1445 lamentarier

99 1487 202 1554 Minas
225 1487 418 1571 sexaginta?

575 1628 746 1695 Saturio

454 1739 524 1822 Ego
547 1739 604 1822 pol
626 1743 659 1804 to
682 1737 809 1819 faeiem,
834 1737 950 1818 scelus,
1169 1756 1221 1808 740

99 1848 142 1914 Te
163 1869 296 1934 quoqne
319 1849 419 1913 etiam
442 1849 551 1932 ipsum
572 1851 610 1911 ut
632 1846 830 1912 lamenteris.

554 1988 757 2056 Dordalus

862 2074 986 2143 Oooidi.

576 2183 742 2249 Saturio

100 2292 165 2374 Age
186 2291 321 2359 ambula
343 2293 377 2357 in
399 2292 461 2372 ius,
485 2291 569 2359 leno.

555 2434 758 2501 Dordalus

611 2541 697 2620 Quid
720 2564 771 2609 mo
795 2544 829 2610 in
850 2544 901 2610 ius
924 2546 1049 2611 uocas?

514 2733 516 2736 -
575 2687 740 2752 Saturio

101 2794 149 2860 Illi
171 2795 260 2879 opud
282 2801 467 2880 praetorem
492 2794 606 2860 dinam.
651 2793 720 2860 Ted
743 2814 803 2878 ego
825 2795 859 2860 in
881 2795 934 2862 ius
955 2816 1049 2862 uooo.

556 2937 761 3004 Dordalus

101 3043 211 3113 Nonne
234 3046 432 3113 antestans?

576 3166 741 3232 Saturio

474 3273 577 3340 Tuan'
600 3269 659 3357 ego
681 3295 791 3356 eausa,
815 3273 981 3356 carnulex,

104 3381 280 3469 Quoiquam
302 3382 432 3448 mortali
456 3382 560 3448 libero
583 3385 673 3449 auris
696 3389 846 3463 atteram,
1167 3399 1218 3452 745

106 3489 162 3568 Qui
183 3491 234 3557 hio
257 3492 490 3557 commercaris
513 3493 595 3556 niuis
619 3491 766 3557 homines
790 3491 933 3557 liberos?

554 3633 759 3700 Dordalus

105 3737 176 3808 Sine
196 3742 312 3810 diram.

575 3850 740 3916 Saturio

357 3959 450 4025 Nolo.

555 4066 759 4133 Dordalus

474 4176 569 4240 Audi.

106 4291 298 4306 ⁸²———-——

190 4379 238 4434 787
258 4385 286 4435 et
305 4378 356 4435 Bc
423 4381 473 4434 ⁷4³
491 4379 552 4433 illio
622 4379 670 4432 sed
739 4381 790 4433 745
808 4383 837 4433 at
853 4383 957 4434 terram
975 4377 1002 4433 Β
