3002 5000
280 449 320 507 42
796 441 887 494 eitun
1194 439 1243 506 nr,
1262 442 1286 506 a,
1304 437 1395 492 eo-ra
1473 479 1474 488 i

279 631 341 698 Ubi
367 633 443 714 quid
468 632 657 710 credideris,
682 633 779 697 citius
803 633 966 717 extemplo
991 655 1011 698 a
1034 633 1104 696 foro

279 742 431 824 Fugiunt,
455 761 552 825 quam
577 762 615 804 ex
638 747 735 824 porte
757 740 842 806 ludis
866 763 964 824 quom
988 742 1143 806 emissust
1164 739 1267 822 lepus.
1352 754 1395 805 435
1473 785 1474 790 1

761 884 925 950 Tacitus

280 967 368 1053 Cape
392 969 455 1034 hoc
477 970 530 1034 sis.

575 1187 661 1264 Quin
685 1187 765 1253 das?

764 1330 928 1394 Toxilus·

807 1437 939 1504 Nummi
963 1439 1104 1504 sescenti
1129 1437 1182 1501 hic
1205 1443 1301 1500 erunt

282 1547 388 1626 Probi,
412 1549 589 1626 numerati3
613 1547 665 1610 fac
689 1548 732 1610 sit
756 1547 872 1611 mulier
895 1547 999 1614 libera

283 1657 389 1738 Atque
413 1655 475 1720 huo
498 1657 652 1720 continuo
676 1655 811 1720 adduce.

741 1799 951 1864 Dordalus¹

866 1907 933 1972 Iam
958 1907 1033 1972 faxo
1056 1906 1107 1971 hio
1130 1905 1201 1970 erit.

283 2018 354 2082 Non
378 2016 496 2096 hercle,
520 2018 597 2099 quoi
621 2037 708 2080 nunc
731 2015 793 2080 hoc
816 2016 890 2080 dem
913 2015 1138 2099 spectandum,
1163 2015 1239 2078 scio.

1472 797 1474 858 t

740 1077 948 1143 Dordalus

760 2158 926 2223 Tomitas·

284 2267 437 2332 Fortasse
460 2272 580 2332 metuis
604 2269 635 2330 in
660 2287 790 2332 menum
815 2267 1032 2332 concredere?

745 2410 951 2475 Dordalus

284 2494 424 2559 Mirum?

766 2604 933 2668 Toxilus

481 2711 566 2788 Quin
591 2712 687 2776 citius
709 2713 773 2777 iam
797 2733 817 2776 a
840 2710 911 2776 foro
935 2710 1114 2794 argentarii

285 2821 425 2900 Abeunt,
449 2840 547 2903 quam
570 2821 603 2884 in
629 2841 724 2885 cursu
748 2820 858 2886 rotula
880 2820 1155 2886 circumuortitur.

286 2931 346 2994 Abi
370 2933 454 2995 istac
477 2934 510 2993 tu
532 2930 661 2994 auorsis
685 2930 866 3013 angiportis
891 2929 932 2994 ad
956 2928 1076 3006 sorum;

286 3039 411 3104 Eadem
433 3039 538 3104 istaec
562 3038 662 3104 facito
686 3039 804 3103 mulier
827 3027 869 3103 ad
893 3059 943 3102 me
967 3043 1115 3102 transeat

287 3147 349 3213 Per
372 3146 513 3212 hortum.

747 3254 954 3319 Dordalus

557 3362 625 3426 Iam
648 3362 701 3429 hic
723 3360 797 3427 faxo
821 3363 936 3428 aderit.

769 3505 932 3569 Tomitas

975 3612 1019 3675 At
1041 3632 1081 3676 ne
1104 3612 1285 3694 propalam.
1363 3625 1408 3676 445

749 3751 956 3815 Dordalus

289 3841 461 3922 Sapienter
483 3860 570 3904 sane.

374 4079 425 4130 486
444 4075 516 4145 Sape
538 4078 560 4134 Ο
625 4078 675 4130 ter
696 4077 780 4129 Brobi
799 4073 834 4140 B,
854 4089 903 4128 om.
924 4072 946 4126 0
1010 4073 1061 4125 43ss
1079 4071 1178 4124 adluos
1197 4069 1225 4124 B
1297 4069 1407 4123 440-41

290 4165 422 4219 Fortasse
441 4165 541 4218 metuis
560 4181 576 4216 a
594 4161 656 4216 foro
676 4161 829 4230 argentarii
849 4159 872 4214 0
937 4160 988 4210 442
1006 4157 1245 4209 circumuortetur
1263 4156 1291 4210 Β
1365 4155 1410 4206 443

290 4253 355 4306 atii
374 4257 480 4306 structa
499 4249 589 4303 uorsis
608 4247 640 4315 Β,
661 4249 730 4302 abiis
749 4252 828 4301 tacte
846 4246 935 4297 uorsis
955 4243 977 4297 G
1064 4245 1114 4294 444
1133 4243 1222 4296 Adest
1240 4245 1294 4297 ista
1311 4243 1370 4296 hese
1387 4237 1410 4292 Β

288 4341 339 4392 445
358 4347 451 4390 ortum
471 4335 497 4389 B
