2890 5004
50 1649 213 1752 llaemones
241 1696 429 1754 Atheniensis
457 1699 589 1772 egestate
619 1717 652 1753 ac
681 1695 778 1754 dolori
809 1696 915 1754 cedens
944 1699 1043 1771 patria
1071 1699 1175 1756 relicta

51 1794 183 1868 Cyrenas
211 1800 391 1873 migraverat
418 1798 518 1872 ibique
548 1803 633 1862 extra
661 1800 763 1856 urbem
798 1818 892 1875 prope
921 1799 1043 1857 Veneris
1083 1799 1175 1858 edem

52 1917 155 1972 agrum
170 1901 328 1974 parvulum
347 1901 470 1958 colebat.
516 1900 654 1959 Dolorem
674 1907 771 1958 antem
790 1907 899 1976 praeter
915 1902 1050 1959 fortunas
1066 1904 1175 1962 fractas

53 2019 86 2054 ex
109 2000 205 2059 filiola
227 2003 306 2059 furto
329 2003 429 2060 ablata
452 2005 608 2060 maximum
632 2009 761 2079 ceperat.
813 2003 895 2061 Hauc
917 2003 984 2061 leno
1007 2011 1123 2062 emerat
1145 2011 1176 2062 et

52 2103 109 2158 iam
151 2105 284 2162 adultam
318 2103 440 2177 Cyrenis
478 2104 578 2162 alebat
611 2105 782 2163 Palaestram
812 2107 1013 2183 appellatam,
1055 2107 1176 2165 amabat

54 2210 154 2264 autem
183 2207 374 2282 Plesidippus
408 2207 579 2266 adolescens
606 2207 807 2284 Atheniensis.
862 2207 891 2265 Is
924 2229 988 2266 eam
1022 2213 1053 2267 in
1087 2210 1175 2268 liber·

54 2312 143 2365 tatem
175 2309 383 2385 redempturus
411 2315 525 2384 partem
552 2313 642 2385 pretii
672 2313 730 2368 iam
754 2311 853 2368 lenoni
876 2312 1020 2384 solveret,
1055 2318 1084 2369 et
1106 2334 1176 2371 con-

54 2412 188 2469 stitutum
212 2419 278 2470 eret
299 2417 334 2469 ut
355 2419 476 2489 postero
499 2412 554 2484 dia,
579 2433 668 2489 quum
688 2414 834 2489 reliquum
855 2414 1007 2484 solvisset,
1031 2413 1175 2474 sacrificio

56 2511 128 2569 lacto
165 2514 245 2589 apud
279 2515 371 2573 aedenr
405 2517 528 2574 Veneris
560 2516 661 2592 puella
690 2518 717 2572 ei
746 2515 925 2573 traderetur.
992 2516 1066 2575 Tum
1095 2518 1172 2588 leno,

57 2633 143 2688 quum
172 2619 199 2674 ei
228 2617 342 2676 Siculus
370 2619 489 2693 quidam
519 2639 607 2676 senex
634 2619 791 2694 Agrigenti
822 2619 914 2677 multo
943 2621 1040 2677 maius
1062 2620 1176 2678 lucrum

57 2717 120 2774 fore
147 2721 346 2796 promisisset,
380 2727 470 2779 noctu
504 2742 569 2780 cum
599 2722 734 2780 omnibus
764 2721 851 2779 rebus
879 2724 939 2778 suis
968 2742 1071 2779 navem
1101 2723 1175 2780 clem

58 2822 225 2880 conscendit
252 2826 282 2880 in
311 2823 442 2882 Siciliam
465 2827 666 2899 navigaturus.
718 2823 775 2882 Sed
807 2827 854 2881 vix
882 2826 991 2882 evectis
1013 2830 1175 2899 tempestas

59 2927 181 2981 maxima
204 2930 304 2982 coorta
326 2947 429 2983 navem
452 2928 573 3002 frangit.
617 2927 761 2984 Palaestra
783 2926 884 3002 puella
906 2946 965 2984 nna
984 2948 1049 2985 curn
1068 2929 1176 2986 ancilla

60 3042 108 3081 sua
130 3029 158 3085 in
180 3046 261 3084 oram
286 3011 376 3086 maris
398 3048 490 3104 prope
507 3029 630 3086 Veneris
653 3030 744 3087 aedem
763 3031 922 3087 eiiciantur
939 3035 970 3086 et
988 3050 1005 3086 a
1023 3030 1175 3088 sacerdote

61 3145 112 3182 anu
135 3130 327 3204 recipiuntur.
373 3130 431 3189 Sed
460 3131 562 3190 eodem
590 3133 656 3189 leno
686 3137 717 3188 et
745 3136 809 3208 ipse
839 3153 854 3188 e
877 3131 1016 3190 fluetibus
1039 3140 1175 3190 servatus

61 3232 137 3286 venit
163 3232 335 3309 puellasque
364 3254 444 3292 eram
474 3236 625 3311 amplexas
654 3236 788 3311 abripere
817 3242 957 3306 conatur,
993 3235 1088 3292 donec
1110 3234 1173 3293 Dte·

63 3349 154 3390 mones
178 3336 289 3393 vicinus
312 3337 459 3413 supplices
482 3339 620 3411 vindicat,
645 3344 675 3394 et
696 3337 886 3414 Plesidippus
905 3338 1089 3410 adulescens,
1113 3339 1173 3414 qui,

63 3452 144 3506 quum
172 3437 305 3495 lenonem
335 3439 483 3512 aufugisse
511 3443 662 3511 sensisset,
697 3447 793 3498 teman
823 3459 859 3496 ne
888 3439 1048 3516 quidquem
1077 3443 1173 3498 inten-

64 3541 149 3595 tatum
171 3540 367 3618 relinqueret,
402 3541 439 3598 ad
463 3542 587 3601 Veneris
610 3543 715 3616 aedem,
751 3562 809 3618 quo
838 3543 876 3600 ad
904 3541 1079 3600 sacrificium
1109 3563 1175 3600 con-

64 3636 205 3714 dixerant,
236 3664 267 3701 se
290 3644 427 3716 contulit,
456 3664 545 3702 manu
574 3648 682 3703 iniecta
705 3647 880 3703 sceleratum
904 3644 1052 3702 hominem
1076 3647 1106 3702 in
1128 3648 1174 3704 ius

66 3745 144 3818 rapit.
198 3745 321 3804 Interim
346 3745 455 3823 Gripus
478 3749 624 3822 piscator,
653 3767 756 3805 servus
778 3745 940 3818 Damonis,
970 3754 1032 3805 rete
1055 3768 1108 3806 suo
1131 3751 1174 3805 vi·

67 3841 157 3906 dulum
189 3868 309 3924 gravem
342 3852 430 3926 capit.
498 3849 555 3927 Spe
593 3867 764 3924 magnarum
804 3849 974 3907 divitiarum
1012 3852 1173 3910 exsultanti

67 3943 211 4007 Trachalio
240 3951 404 4028 Plesidippi
432 3972 534 4011 servus
562 3956 704 4024 occurrit,
738 3952 904 4028 vidulique,
939 3972 1025 4028 quem
1059 3954 1174 4012 lenonis

69 4066 122 4107 esse
143 4056 275 4130 agnoscit
302 4061 331 4112 et
358 4057 435 4113 inter
463 4056 521 4112 alia
549 4056 723 4113 cistellulam
747 4073 811 4112 cum
834 4055 1002 4131 crepundiis
1025 4056 1173 4115 Palaestra

70 4157 205 4214 continere
222 4159 313 4230 novit,
335 4165 450 4233 partem
470 4157 527 4216 sibi
545 4157 683 4215 vindicat.
729 4157 818 4214 Cuius
835 4160 1045 4216 controversiae
1062 4160 1174 4216 arbiter

71 4263 161 4330 aptus
182 4258 337 4317 Demones
360 4265 463 4334 aperto
485 4258 585 4316 vidulo
603 4265 634 4315 et
656 4259 798 4335 inspectis
817 4259 986 4336 crepundiis
1004 4259 1173 4318 Palaestram

71 4371 141 4416 suam
168 4360 258 4419 filiam
287 4381 349 4418 esse
379 4363 532 4437 comperit.
588 4360 670 4420 Leno
699 4368 796 4419 autem
824 4362 933 4419 iudicio
962 4363 1172 4422 condemnatus
