2890 5004
267 461 330 520 464
769 456 891 511 Rudens.

159 662 162 670 '
268 655 367 708 autem
396 649 561 727 Septembri
591 656 687 708 mense
714 653 792 708 circa
825 653 995 729 equinoctii
1028 657 1159 728 tempus,
1193 653 1306 710 occidit
1334 654 1388 711 No

265 752 377 810 vembri
401 771 508 811 meuse.
554 752 644 812 Ortus
668 755 745 811 enim
767 755 944 829 intelligitur
966 775 1024 812 non
1046 756 1199 828 cosmiana,
1223 757 1277 831 qui
1299 776 1387 832 quum

265 875 324 913 una
346 874 410 912 cum
433 856 504 912 solis
527 862 594 914 ortu
616 855 669 913 fiat
691 874 749 912 non
771 859 959 934 conspicitur,
984 857 1036 915 sed
1054 855 1194 930 heliacus,
1219 861 1239 916 i.
1251 879 1280 916 e.
1299 879 1388 935 quun

266 959 392 1035 primum
420 961 451 1016 in
478 957 610 1016 diluculo
639 961 784 1017 matutino
813 966 879 1018 ante
907 960 993 1018 solis
1010 965 1108 1017 ortum
1130 980 1284 1038 emergere
1308 983 1388 1039 spec

265 1067 361 1132 tatur;
385 1079 504 1118 occasus
526 1065 598 1118 item
622 1059 765 1132 heliacus,
793 1064 814 1120 i.
837 1083 863 1120 e.
886 1064 1134 1146 quamtultimum
1157 1067 1282 1122 ineunte
1306 1073 1387 1123 nocte

265 1168 332 1240 post
355 1165 425 1221 solis
449 1183 583 1221 occasum
607 1164 741 1222 occidere
763 1165 890 1222 ridetur.
936 1165 1005 1224 Haec
1027 1165 1099 1224 mihi
1116 1172 1253 1242 tempora
1273 1169 1387 1242 collega

265 1268 473 1339 amicissimus,
506 1268 662 1324 immatura
684 1271 780 1325 morte
802 1268 960 1344 abreptus,
991 1267 1026 1325 H.
1049 1269 1084 1326 L.
1107 1267 1260 1342 D'Arrest,
1287 1273 1387 1347 qualis

265 1369 364 1426 Βοωιο
386 1369 511 1428 (laesaris
534 1369 690 1428 dictatoris
713 1375 800 1428 atate
822 1372 1014 1449 apparebant,
1039 1371 1249 1444 benignissime
1267 1393 1385 1449 compu-

264 1475 348 1529 tavit.
405 1471 478 1529 Tum
513 1474 590 1529 enim
621 1473 742 1532 Arcturi
772 1479 856 1531 ortus
885 1476 1027 1532 cosmicus
1055 1474 1102 1532 die
1131 1474 1321 1552 Septembris
1347 1477 1384 1534 IX

265 1575 359 1633 sactus
388 1581 448 1646 est,
483 1574 614 1633 heliacus
642 1577 723 1653 Sept.
753 1575 837 1646 XXI,
872 1595 994 1636 occasus
1021 1577 1149 1635 heliacus
1176 1576 1325 1636 Novsmh.
1354 1579 1383 1648 V,

265 1678 487 1754 acronychicus,
521 1679 540 1734 i.
565 1699 590 1736 e.
615 1679 665 1735 ubi
687 1699 747 1737 una
769 1699 833 1737 cum
857 1680 918 1736 sole
942 1679 1066 1754 occidit,
1101 1682 1151 1755 qui
1180 1701 1307 1740 occasus
1329 1703 1384 1740 nou

264 1783 446 1856 conspicitur
461 1780 528 1838 ,sed
550 1787 755 1857 computatur,
789 1781 932 1839 Novemb.
954 1781 1077 1840 XXVII.
1132 1781 1193 1841 Nec
1221 1783 1382 1842 abhorrent

264 1884 438 1943 Celenderis
461 1883 572 1956 Graeca,
596 1903 661 1960 quae
685 1885 722 1942 ad
745 1905 798 1942 noe
819 1891 1036 1962 pervenerunt;
1069 1906 1136 1942 nam
1159 1886 1206 1943 Ps.
1233 1887 1382 1950 Geminus.

265 1987 524 2045 ed.Wachsn1nth.
538 2007 567 2063 p.
584 1990 653 2060 177,
673 1990 701 2044 in
716 1988 844 2062 Virginis
863 1992 947 2061 signo
966 1988 1014 2046 die
1025 1987 1068 2047 X:
1093 1991 1220 2045 ἐπιτέλλει
1233 1991 1381 2066 donnico,-

263 2093 364 2165 χειμὼν
396 2092 463 2147 κατὰ
490 2092 650 2146 θάλασσαν.
711 2089 813 2148 Claud.
843 2091 1020 2150 Ptolemaeus
1053 2092 1094 2150 ib.
1123 2111 1151 2166 p.
1182 2095 1243 2150 206
1277 2097 1383 2152 mensis

264 2195 342 2253 Tbot
372 2195 419 2252 die
446 2193 562 2266 XXIII,
593 2196 612 2249 i.
637 2215 662 2252 e.
686 2193 768 2271 Sept.
792 2193 863 2252 XX:
899 2194 1043 2270 ἀρκτοῦρος
1071 2196 1135 2268 ἑῷος
1157 2195 1293 2254 ἀνατέλλει
1316 2205 1382 2256 cett.

264 2299 368 2355 Aetius
397 2297 558 2355 Amidenus
591 2297 663 2354 ieie.
693 2317 722 2372 p.
753 2299 833 2356 aee:
877 2299 942 2372 μηιι
973 2299 1146 2374 samusart
1180 2279 1206 2355 ὦ
1240 2301 1382 2376 ansas.

264 2403 391 2456 ἐπιτέλλει
419 2401 464 2456 καὶ
492 2401 595 2456 ἀλλοιοῖ
620 2402 652 2474 τῇ
680 2402 738 2469 ἑξῆς
768 2400 852 2476 ἡμέρᾳ
881 2394 940 2478 [τὸν
969 2393 1057 2478 ἀέρα]
1108 2401 1182 2460 Tum
1212 2402 1250 2460 de
1278 2423 1382 2462 oesaw

263 2504 440 2561 Ptolomeus
467 2525 496 2581 p.
526 2505 585 2560 212
620 2504 728 2559 mensis
755 2504 853 2578 Athyr
880 2503 928 2560 die
957 2503 1031 2572 XII,
1066 2506 1086 2562 i.
1109 2524 1135 2560 e.
1159 2503 1303 2565 Novemb.
1328 2507 1382 2564 IX:

263 2606 407 2681 ἀρκτοῦρος
430 2608 555 2680 ἑσπέριος
577 2606 656 2662 δύνει.
698 2603 745 2662 Ps.
765 2605 880 2664 GemIn.
903 2626 932 2681 p.
958 2609 1015 2664 179
1039 2608 1070 2664 in
1092 2606 1263 2682 Scorpionis
1285 2612 1382 2686 signo:

262 2714 289 2766 ἐν
317 2709 346 2764 δὲ
374 2713 406 2782 τῇ
435 2705 450 2764 a
472 2709 619 2782 Εὐκτήμονι
641 2708 786 2784 ἀρκτοῦρος
814 2711 939 2784 ἑσπέριος
967 2689 1057 2766 disant
1085 2710 1130 2767 xci
1160 2710 1253 2785 ἄνεμοι
1273 2715 1382 2788 μεγάλοι

262 2815 396 2869 πνέουσιν.
437 2817 464 2868 ἐν
493 2812 521 2867 ds'
543 2815 574 2886 τῇ
597 2807 743 2886 {stotza
767 2812 912 2888 ἅριτοῦρος
934 2813 1083 2888 ἀκρόνυχος
1111 2813 1196 2880 δύνει,
1224 2816 1270 2870 καὶ
1292 2821 1381 2883 ἐπισι-

261 2919 364 2990 μαίνιι,
393 2916 438 2971 καὶ
467 2914 562 2989 ἄνεμος
590 2920 656 2970 πνεῖ
713 2914 783 2972 Ηοι·.
809 2915 863 2974 Od.
886 2915 944 2988 III,
971 2917 996 2988 l,
1027 2919 1082 2974 27:
1119 2937 1243 2989 „saevus
1266 2919 1381 2976 Arcturi

262 3021 394 3077 cadentis
423 3013 581 3094 impetus“.
612 3046 648 3056 -
680 3017 743 3088 Qus
771 3019 845 3076 facie
876 3023 906 3075 et
935 3026 1041 3076 ornatu
1070 3020 1232 3077 Arcturum
1267 3025 1380 3098 conspi-

262 3141 347 3180 cuum
383 3122 487 3178 fecerit
515 3121 651 3192 Plautus,
686 3123 873 3194 ignoramus;
907 3123 958 3178 sed
989 3121 1083 3180 stella
1111 3130 1247 3181 naturam
1277 3126 1379 3200 insigni

265 3225 392 3299 quadam
415 3225 531 3281 ratione
553 3223 713 3280 Indicatam
735 3223 834 3294 fuisse,
859 3244 895 3280 ex
918 3245 945 3281 v.
971 3225 987 3281 3
1012 3231 1146 3300 apparet.

349 3329 377 3384 2.
411 3321 551 3396 sicima
585 3327 622 3383 de
650 3328 759 3383 omissa
781 3327 994 3403 praepositione
1018 3327 1054 3385 cf.
1079 3330 1115 3386 ad
1139 3328 1223 3388 Gurc.
1248 3332 1319 3389 206.
1341 3360 1378 3370 -

264 3433 291 3488 3.
322 3431 358 3488 cf.
381 3430 488 3506 Amph.
514 3430 589 3488 598:
627 3427 693 3500 „Sic
723 3449 785 3487 sum
815 3436 849 3486 ut
875 3426 990 3488 uides“.
1026 3461 1068 3470 -
1102 3434 1129 3489 5.
1163 3426 1241 3502 Hit,
1274 3435 1376 3492 nostris

263 3533 365 3590 oculis.
400 3561 442 3571 —
476 3533 504 3587 7.
539 3529 609 3588 Post
630 3525 755 3589 ambulo
783 3531 897 3604 hiatus,
932 3534 967 3591 cf.
991 3533 1109 3610 Proleg.
1132 3555 1162 3612 p.
1187 3537 1258 3593 219.
1301 3535 1373 3594 Reiz.

266 3631 400 3708 „autem“
426 3634 564 3706 addebat,
592 3633 652 3692 Fl.:
687 3629 889 3706 ,‚ambulans“.
919 3665 961 3674 -
987 3630 1158 3711 interdieta,
1189 3657 1214 3694 r.
1239 3637 1277 3694 ad
1297 3639 1371 3695 Asin.

264 3741 333 3795 592.
357 3767 400 3777 -
429 3740 457 3795 8.
487 3731 641 3795 accidunt.
685 3738 852 3812 Argutatur
873 3737 974 3796 stellas
997 3739 1138 3796 cedentes
1161 3742 1223 3796 sire
1244 3741 1371 3797 traiectas

262 3843 292 3897 in
326 3841 575 3917 comparationem
610 3839 764 3900 advocans.
806 3870 843 3880 -
887 3842 933 3898 10.
969 3835 1113 3914 disparat
1148 3840 1306 3901 distribuit.
1336 3872 1367 3882 -

261 3938 368 4001 aliurn.
415 3943 534 4000 Hiatnm
558 3941 777 4018 Kampmannus
807 3963 918 4001 casura
940 3944 1067 4020 quadam
1091 3951 1124 4002 ut
1155 3948 1202 4018 ,in
1229 3947 1303 4004 thesi
1329 3965 1367 4001 sa·

262 4046 357 4104 cunda
389 4045 517 4122 dipodiae
549 4039 698 4103 iambicas“
730 4045 871 4104 defendit.
925 4046 1003 4106 Utut
1032 4053 1091 4120 est,
1125 4048 1255 4125 relinqui
1281 4049 1366 4106 debet.

261 4149 306 4207 Fl.
335 4145 418 4220 „hic“
443 4148 586 4218 addebat,
611 4148 745 4205 Mueller.
765 4147 887 4206 Nachtr.
906 4169 935 4226 p.
958 4151 1017 4208 142
1038 4147 1203 4224 „sorsum“.
1253 4151 1366 4227 Seyffert

262 4251 345 4308 Stud.
370 4271 397 4326 p.
424 4254 463 4309 24
490 4246 608 4321 ‚.aliud“
634 4251 769 4308 coniecit.
793 4281 834 4290 -
865 4253 912 4310 ll.
942 4253 1020 4310 Ante
1041 4247 1206 4313 domiuum.
1223 4255 1323 4323 hiatus,
1343 4273 1365 4308 r.

261 4354 376 4428 Proleg.
402 4357 473 4412 221.
526 4353 640 4410 Camer.
664 4361 794 4430 transp:
832 4355 1009 4427 ,Hominum
1039 4357 1091 4432 qui
1113 4358 1208 4430 sacta3
1241 4357 1365 4434 Spengel.
