2920 4998
263 489 324 548 516
763 482 883 538 Stichus.

260 679 429 757 explicatos,
453 677 505 737 sed
527 685 606 736 recta
629 699 646 736 a
668 679 837 737 carceribus
860 679 897 737 ad
920 678 1029 736 calcem
1053 678 1197 737 decurrat.
1244 677 1380 737 Moribus

260 800 452 857 personarum
486 783 604 856 egregie
638 781 762 858 depictis
796 782 946 853 latemur,
986 783 1017 838 et
1050 800 1139 857 quum
1175 801 1275 840 rarum
1311 780 1384 838 illud

261 886 411 960 exemplar
437 883 603 960 coniugalis
625 883 694 941 fidei
717 883 854 942 laudibus
876 902 1101 960 prosequamur,
1129 889 1190 941 turn
1218 884 1384 960 parasitum

262 993 292 1044 et
315 1007 416 1045 servos
440 1005 476 1044 ex
498 987 596 1044 animo
613 986 759 1059 ridemus3
784 991 989 1060 argumentum
1007 986 1159 1062 aliquanto
1179 987 1386 1063 complicatius

261 1090 423 1161 mallemus,
460 1093 489 1146 et
518 1094 676 1146 extremam
706 1088 812 1146 fabulae
840 1095 954 1165 partem
984 1094 1044 1147 tarn
1074 1090 1141 1148 laxo
1169 1090 1290 1148 vinculo
1324 1109 1385 1147 cum

260 1193 409 1268 prioribus
432 1181 560 1249 iunctam
584 1211 647 1250 esse
670 1194 819 1249 miramur.
876 1190 939 1249 Hoc
961 1190 1185 1262 animadverso,
1207 1195 1384 1270 ‚praesertim

262 1314 352 1371 quum
379 1293 479 1352 fabula
506 1294 660 1370 perbrevis
682 1297 735 1366 sit,
772 1295 831 1353 773
856 1294 933 1350 enim
955 1294 1090 1352 versibus
1114 1293 1297 1366 absolvitur,
1334 1297 1385 1353 riri

261 1397 342 1455 docti
364 1397 550 1454 intercidisse
573 1402 672 1474 partes
696 1397 811 1472 aliquas
833 1396 942 1454 fabulae
970 1397 1112 1474 suspicati
1140 1402 1225 1468 sunt,
1261 1398 1385 1456 maxime

262 1499 440 1557 Rit'scbelius
469 1499 588 1573 Parerg.
618 1520 648 1577 p.
675 1501 735 1557 280
759 1519 833 1575 sqq,
857 1499 1045 1572 Ladewigius
1073 1499 1171 1558 Ueber
1200 1497 1257 1558 den
1285 1499 1385 1558 Canon

262 1603 313 1661 des
337 1601 485 1678 Sedigitus
509 1623 536 1680 p.
562 1604 611 1674 28,
633 1604 668 1659 cf.
689 1602 796 1661 Philol.
815 1601 899 1660 XVII
916 1622 946 1678 p.
965 1603 1044 1674 435,
1075 1602 1221 1678 Bergkius
1245 1603 1386 1660 Zeitschr.

227 1751 234 1764 .
262 1706 281 1764 f.
317 1706 539 1764 Alterthumsw.
576 1707 655 1762 1850
689 1727 717 1783 p.
754 1707 813 1764 343
848 1703 877 1762 ff.
946 1705 999 1762 llic
1033 1705 1152 1780 quidem
1186 1711 1257 1763 ante
1289 1707 1386 1764 omnia
1445 1717 1446 1732 ¹

263 1827 377 1866 scenam
406 1809 600 1880 desideravit,
636 1827 695 1883 qua
722 1807 905 1884 Epignomus
934 1807 1052 1866 domum
1081 1808 1174 1866 redux
1204 1827 1270 1866 cum
1299 1827 1385 1866 uxore

264 1911 344 1970 fideli
379 1912 503 1968 salutem
535 1915 565 1968 et
593 1913 690 1985 prima
718 1910 870 1968 redeuntis
899 1910 1007 1984 gaudia
1035 1913 1276 1969 communicaret.
1332 1911 1385 1969 Sed

265 2014 336 2072 talia
364 2015 495 2090 antiquis
524 2014 642 2072 comicis
672 2014 790 2070 minime
817 2015 982 2072 necessaria
1011 2013 1200 2072 videbantur.
1248 2013 1385 2073 Goetzins

264 2119 295 2178 in
317 2117 400 2177 Actis
422 2137 487 2175 sac.
518 2116 621 2193 philol.
645 2115 726 2192 Lips.
751 2115 790 2174 VI
818 2137 847 2194 p.
879 2117 940 2174 302
970 2121 1107 2175 accurate
1133 2121 1200 2174 tota
1226 2119 1385 2194 quaestione

263 2226 394 2278 tractata
417 2221 536 2278 lacunas
559 2219 677 2295 quidem
701 2220 826 2278 maiores
852 2218 948 2277 nullas
976 2219 1145 2296 indagavit,
1180 2219 1233 2278 sed
1257 2219 1384 2278 Stichum

264 2331 297 2380 ut
320 2323 394 2379 alias
418 2322 546 2380 eiusdem
571 2321 698 2379 ambitus
721 2323 844 2392 fabulas,
868 2320 1075 2381 Curculionem
1099 2327 1129 2380 et
1152 2321 1321 2399 Epidicum,
1344 2343 1381 2380 re

264 2427 441 2484 tractatione
470 2427 499 2482 in
528 2424 648 2484 brevius
679 2429 844 2482 contractas
867 2424 992 2500 putavit,
1017 2423 1047 2482 id
1070 2423 1150 2500 quod
1174 2424 1245 2484 mihi
1270 2425 1384 2500 quidem

266 2547 325 2586 non
349 2531 378 2585 in
402 2528 456 2586 hac
479 2530 572 2604 magis
596 2547 681 2604 quam
705 2531 736 2586 in
759 2527 820 2586 illis
842 2527 1001 2603 probatum
1024 2527 1152 2586 videtur.

350 2631 536 2690 Ambrosiani
566 2631 751 2707 palimpseati
774 2629 951 2688 membrano
982 2629 1019 2688 ad
1048 2629 1181 2690 Stichum
1211 2631 1387 2705 pertinentes

264 2743 374 2810 praeter
397 2739 540 2810 quattuor
563 2753 662 2791 omnes
686 2732 723 2790 ad
746 2751 800 2790 nos
823 2737 1030 2806 pervenerunt.
1081 2735 1115 2791 ln
1138 2736 1183 2807 iis,
1208 2751 1275 2809 quae
1296 2737 1384 2810 perie-

265 2843 349 2908 runt,
379 2837 483 2914 scripti
510 2837 631 2892 luerunt
659 2855 705 2893 vv.
730 2837 891 2907 554-84,
922 2836 1083 2906 otu—81,
1119 2837 1283 2908 too-753
1316 2837 1384 2894 dure.

266 2960 330 3016 qua
353 2960 398 2998 vv.
425 2942 567 2998 520-51
595 2943 627 2995 et
649 2939 816 2996 oea—707
840 2939 1005 3012 continent,
1028 2939 1154 3015 pessime
1181 2939 1291 2998 habitas
1313 2947 1385 3000 sunt.

266 3049 370 3101 ceterae
388 3041 448 3100 fere
472 3043 515 3099 ita
537 3047 671 3112 servata,
703 3047 736 3098 ut
759 3042 902 3118 pleraque
925 3040 984 3118 legi
1007 3043 1132 3116 possint.
1192 3042 1325 3102 Contulit
1347 3061 1387 3098 co·

266 3147 359 3203 dicem
382 3149 450 3222 post
475 3143 671 3203 Ritschelium
699 3164 731 3215 aa
748 3143 982 3202 Studemundum
1007 3145 1094 3202 etiam
1115 3143 1263 3203 Gustavns
1283 3145 1386 3204 boene.

264 3269 359 3326 nuper
384 3249 491 3305 infelici
513 3253 609 3306 morte
629 3248 812 3324 absumptus,
839 3249 920 3305 cuius
946 3248 1104 3306 collatione
1128 3251 1157 3305 in
1183 3247 1310 3305 secunda
1332 3247 1388 3304 edi·

265 3353 346 3410 tione
369 3350 574 3409 Ritscbeliana
597 3343 706 3426 (1883)
732 3349 875 3408 Goetzius
897 3369 967 3408 usus
991 3357 1046 3408 est.

708 3536 952 3594 Didascaliam

269 3661 355 3720 huius
378 3661 485 3720 labulae
512 3661 643 3719 servavit
664 3658 894 3730 Ambrosianus,
924 3656 1002 3715 unde
1025 3659 1114 3717 stiam
1137 3681 1207 3739 pars
1232 3661 1331 3738 aliqua
1351 3659 1388 3716 di-

268 3764 405 3823 dascaliae
434 3765 464 3821 in
494 3762 673 3820 Pseudolum
704 3765 789 3818 eruta
818 3765 871 3817 est.
927 3758 1046 3820 Primus
1079 3766 1214 3840 repperit
1246 3769 1278 3822 et
1304 3763 1388 3822 edidit

269 3868 401 3943 Angelus
424 3867 521 3924 Maius
544 3865 644 3923 Plauti
667 3863 774 3939 fragm.
797 3861 875 3920 ined.
899 3884 928 3939 p.
956 3864 1009 3934 52,
1040 3867 1091 3940 qui
1114 3864 1318 3943 Adelphorum
1343 3887 1388 3924 nc-

271 3972 349 4027 mine
373 3969 479 4028 ductus
503 3969 540 4026 ad
563 3969 696 4026 Terentii
719 3965 848 4024 labulam
872 3985 935 4023 eam
962 3968 1081 4025 rettulit
1103 3973 1134 4026 et
1155 3969 1327 4028 Terentiani
1347 3988 1387 4026 ro·

269 4073 343 4131 dicis
367 4073 504 4130 Plautino
532 4072 620 4148 plane
651 4075 782 4149 germani
806 4073 907 4132 lolium
931 4093 962 4131 se
985 4073 1132 4130 invenisse
1156 4073 1320 4131 arbitratus
1340 4077 1387 4130 est.

270 4175 326 4260 Sed
351 4195 441 4252 quum
465 4175 701 4234 animadversum
726 4182 804 4235 esset
826 4177 1056 4253 magistratuum
1079 4176 1199 4233 nomina
1222 4174 1261 4233 ad
1282 4181 1388 4251 tempus

270 4279 363 4337 multo
387 4279 538 4356 antiquius
560 4283 710 4355 spectare,
742 4285 777 4338 ut
798 4281 847 4338 vix
870 4279 1003 4338 dubitari
1026 4283 1141 4355 posset,
1165 4281 1238 4354 quin
1261 4279 1387 4337 Plautina

271 4381 433 4440 didascalia
454 4387 540 4451 esset,
565 4381 743 4440 Ritscbelius
770 4384 801 4440 in
824 4382 961 4459 Parsrgis
983 4402 1013 4459 p.
1038 4383 1095 4440 251
1122 4401 1188 4458 sqq.
1212 4381 1384 4442 emendatius
