2890 5004
770 448 861 500 elane
1172 443 1221 508 iv,
1240 447 1264 512 2,
1281 445 1356 495 u-er

697 637 941 719 Astaphium

354 751 387 814 Si
410 755 516 814 uocat'
535 768 593 826 me,
616 768 702 830 quae
725 746 759 810 iu
784 767 832 809 ure
856 749 967 828 potest
989 742 1062 827 plus
1084 765 1185 828 quam
1211 751 1310 827 potes.
1325 761 1364 812 745

311 945 312 948 ,
697 882 947 948 Diniarchus

261 975 333 1040 Uuo
357 972 468 1038 uerbo.

702 1075 943 1160 Astaphium

503 1164 674 1248 Eloquere.

699 1269 947 1335 Diniarchus

713 1379 823 1443 Mittin
846 1360 897 1442 ine
918 1379 1028 1443 ineo?

704 1516 942 1600 Astaphium

1082 1624 1219 1690 Mendax
1242 1647 1297 1702 ex;
1318 1622 1368 1686 abi.

264 1731 372 1803 Unum
396 1737 505 1815 aibas3
529 1737 594 1800 tria
617 1736 698 1799 dixti
722 1734 839 1811 uerba3
862 1741 961 1817 atque
985 1735 1038 1798 odi
1059 1735 1140 1798 mole
1162 1733 1334 1798 mendacia.

701 1876 950 1941 Diniarchus

265 1988 355 2053 Abire
377 1989 480 2066 iutr03
504 2008 553 2050 me
576 1986 664 2051 lusit.
709 1986 777 2068 Ego
801 1993 838 2049 ut
860 1985 942 2049 haec
967 1975 1044 2050 mihi
1067 1987 1176 2069 patiar
1195 1985 1287 2050 fieri?

266 2099 334 2161 laur
356 2096 465 2160 hercle
489 2095 639 2179 egotibi,
662 2094 836 2172 inlecebra,
860 2093 954 2158 ludos
975 2092 1092 2158 faciam
1111 2095 1245 2158 clamore
1266 2096 1297 2157 iu
1317 2095 1367 2157 uia,

266 2203 356 2282 Quae
379 2205 556 2269 aduersum
579 2204 681 2284 legem
707 2205 862 2286 accepisti
886 2223 906 2267 a
929 2201 1086 2284 plurumis
1109 2205 1285 2286 pecuniam.
1328 2217 1369 2267 750

266 2314 334 2378 la'm
357 2313 465 2378 hercle
495 2313 583 2394 apud
614 2312 672 2378 hos
701 2313 805 2376 omnis
836 2311 1046 2392 magistratus
1075 2311 1149 2376 faxo
1178 2315 1236 2377 erit
1263 2332 1365 2376 nomeu

782 2411 785 2418 ’
981 2425 1089 2500 tuum3
1418 2503 1419 2513 ἵ

236 2591 239 2600 ,
264 2531 374 2595 Postid
400 2552 459 2611 ego
483 2537 516 2594 te
540 2551 670 2594 mauum
693 2531 825 2594 iuiciem
848 2528 1034 2613 quadrupli,
1058 2529 1212 2594 uenefica.
1261 2531 1264 2536 ’
1417 2519 1419 2614 i

264 2639 456 2723 Suppostrix
487 2659 640 2721 puerum,
674 2658 734 2718 ego
764 2639 880 2721 edepol
907 2640 971 2704 iam
1005 2644 1063 2702 tua
1097 2639 1218 2722 probra
1247 2635 1364 2721 aperibo
1417 2705 1419 2744 ἵ

981 2747 1100 2812 omnia.

262 2857 350 2921 Nihil
367 2857 469 2936 pudet
491 2877 556 2934 me;
580 2855 706 2937 perdidi
730 2877 824 2920 omne
848 2857 936 2940 quod
959 2857 1038 2936 fuit3
1060 2855 1104 2921 fio
1127 2855 1292 2939 inpudens,

262 2965 329 3029 Nec
343 2965 419 3028 mihi
433 2965 548 3028 adeost
560 2964 726 3028 tantillum
741 2965 831 3045 pensi
850 2966 914 3028 iam
933 2986 1015 3048 quos
1032 2967 1162 3047 capiam
1180 2965 1307 3031 calceos.
1322 2979 1363 3030 'teo

262 3074 324 3139 Sed
349 3073 428 3157 quid
451 3093 510 3153 ego
534 3071 586 3136 hic
609 3073 735 3136 clamo?
770 3073 853 3151 Quid
873 3075 901 3136 si
922 3095 971 3137 me
994 3073 1108 3138 iubeat
1128 3074 1216 3138 iutro
1239 3074 1363 3138 mittier?

263 3181 435 3264 Conceptis
457 3202 508 3244 me
532 3203 596 3245 uon
619 3181 781 3246 lecturum
803 3182 914 3247 uerbis
938 3184 1049 3259 iurem,
1074 3184 1101 3246 si
1124 3182 1216 3247 uelit.

262 3292 373 3373 Nugae
395 3297 488 3368 suut,
511 3293 537 3354 si
561 3291 712 3354 stimulos
736 3293 853 3374 pugnis
876 3291 998 3368 caedis,
1022 3292 1174 3356 manibus
1197 3292 1269 3374 plus
1284 3289 1361 3354 dolet.
1418 3307 1419 3310 ’

262 3401 309 3464 De
332 3399 433 3463 nihilo
457 3398 539 3462 nihil
563 3406 614 3463 est
636 3400 742 3477 irasci,
766 3421 850 3484 quae
872 3407 906 3464 te
930 3423 993 3466 nou
1016 3399 1109 3466 flocci
1132 3399 1222 3465 lacit.

263 3509 326 3574 Sed
354 3508 434 3593 quid
463 3508 525 3573 hoc
556 3509 627 3572 est?
682 3507 744 3574 Pro
779 3508 813 3573 di
846 3509 1055 3585 inmortales,
1089 3507 1256 3574 Calliclem
1289 3508 1362 3572 uideo

976 3638 1096 3695 senem,
1327 3631 1363 3685 760

345 3825 397 3876 745
415 3839 497 3890 quam
516 3827 610 3890 polest
714 3822 765 3874 746
783 3821 856 3874 mitti
874 3822 904 3875 iu
1016 3823 1068 3876 747
1086 3822 1181 3876 alebat
1198 3823 1293 3877 stridis
1309 3819 1361 3874 diro

261 3910 346 3974 <rixa
364 3907 401 3975 Β)
473 3910 557 3962 neree
575 3909 601 3963 e
668 3909 715 3961 our
733 3908 804 3960 mue
823 3923 873 3962 om.
942 3891 1163 3974 rreineua'e,
1181 3909 1310 3963 induto

261 3997 350 4062 poliat
368 3994 396 4047 B
483 3997 532 4047 749
551 3995 671 4048 clamore
689 3993 717 4046 B
803 3997 853 4048 750
871 3993 930 4061 Quo
948 3993 974 4047 Β
1053 3995 1204 4063 accepistis
1223 3995 1258 4049 ad
1324 3995 1358 4045 751

262 4083 332 4136 liam
352 4081 374 4135 0
474 4097 526 4133 noe
630 4083 681 4134 752
699 4080 808 4133 initiam
828 4080 991 4149 quadrupiis
1010 4081 1182 4150 (quadrupes
1201 4082 1232 4144 G)
1251 4077 1360 4136 beneficia

260 4171 311 4222 753
330 4169 386 4221 itua
407 4155 496 4236 proba
570 4168 621 4218 754
639 4165 716 4219 Nihil
735 4183 779 4220 me
797 4167 906 4236 perdidi
977 4176 1059 4222 omne
1076 4166 1104 4220 Β
1181 4171 1232 4223 755
1250 4169 1319 4222 adest
1333 4163 1358 4216 ed

260 4253 337 4307 illum
418 4254 468 4306 756
487 4251 594 4305 milliar
611 4251 650 4319 B,
675 4251 813 4306 mittero
894 4255 944 4307 757
964 4253 1043 4306 uerui
1062 4253 1144 4307 sirem
1165 4256 1256 4310 silouit
1321 4251 1358 4304 758

262 4340 342 4409 Nuge
361 4339 387 4393 B
456 4339 531 4393 cedis
601 4340 652 4391 760
669 4339 723 4392 hoc
741 4338 821 4393 om.B
891 4339 1050 4394 callicteuui
1070 4339 1103 4392 de
