3002 5000
86 483 113 550 v,
131 487 154 550 2,
170 487 272 542 re-ee
590 482 681 538 rem

522 674 755 756 Sagaristio

83 783 178 864 Agite,
201 783 287 850 hune
310 783 407 850 sultis
430 781 641 848 ludificemus.

556 903 578 967 1
589 903 654 967 oxi
661 902 723 966 lus

671 1008 743 1076 Nisi
764 1011 792 1074 si
815 1009 956 1093 dignust,
977 1030 1042 1076 non
1065 1019 1173 1097 opust.

500 1130 778 1216 Lemniselene

82 1238 120 1303 dt
139 1261 189 1305 me
212 1240 303 1307 haud
325 1260 385 1325 per
407 1246 466 1307 esi.

553 1347 720 1413 Toxilus

289 1455 348 1535 Eo,
371 1455 479 1536 eredo,
503 1458 581 1542 quie
602 1456 837 1536 inconcilieuit‚
860 1477 959 1541 quom
981 1462 1014 1522 te
1036 1439 1117 1526 emoss
1147 1479 1199 1531 830

501 1581 778 1647 Lemniselena
890 1619 893 1626 ·

81 1667 119 1731 At
138 1673 250 1734 temen
276 1703 319 1714 —

553 1777 719 1842 Toaeiiue

219 1884 294 1951 Noli
319 1887 478 1966 „temen“.
524 1884 613 1952 Ceue
636 1905 714 1968 ergo
738 1887 783 1951 sis
806 1886 892 1951 malo
915 1892 949 1952 et
971 1906 1108 1971 sequere
1132 1909 1191 1954 me.

81 1992 120 2056 Te
131 1993 210 2058 mihi
223 1993 310 2060 dieto
322 1993 509 2060 audientem
521 2015 592 2060 esse
604 1993 758 2074 addecet3
781 2013 856 2058 nem
875 1993 986 2060 hercle
1004 1995 1127 2078 absque
1145 2017 1197 2063 me

81 2099 174 2166 Feret
185 2109 219 2168 et
230 2123 302 2168 meo
314 2102 488 2186 praesidio,
506 2102 559 2168 hie
575 2101 698 2168 feceret
714 2109 748 2167 te
764 2101 980 2186 prostibulum
994 2103 1194 2188 propediem.

79 2209 137 2274 Sed
159 2212 208 2276 ite
229 2231 306 2295 pars
328 2211 557 2278 libertinorum
579 2218 638 2288 est,
663 2211 725 2275 nisi
741 2219 880 2294 patrono
897 2212 952 2295 qui
970 2212 1196 2294 eduorsetuei,

79 2317 141 2383 Nee
154 2320 235 2384 satis
246 2319 330 2385 liber
342 2318 406 2384 sibi
417 2320 548 2385 uidetur
559 2341 618 2384 nee
629 2320 711 2384 setis
723 2317 809 2401 frugi
822 2339 881 2384 nee
893 2325 946 2386 sei
960 2312 1128 2402 hommes,
1145 2339 1197 2394 835

79 2425 117 2490 Ni
139 2427 170 2492 ei
192 2425 315 2508 offecit,
337 2429 371 2493 ni
394 2429 425 2495 ei
447 2428 531 2494 male
555 2428 651 2508 dixit,
674 2428 707 2492 ni
729 2433 825 2510 grate
849 2429 997 2511 ingratus
1019 2436 1195 2514 repertuet.

496 2548 769 2615 Lemniselena

80 2651 133 2718 Pol
155 2653 327 2722 benefacta
348 2662 408 2724 tue
430 2678 481 2723 me
504 2657 689 2737 hortentur,
711 2662 769 2722 tuo
792 2665 830 2721 ut
851 2656 987 2742 imperio
1010 2679 1155 2741 peream.

554 2793 718 2860 Toxilus

82 2897 145 2982 Ege
164 2921 234 2966 eum
252 2900 313 2967 tibi
334 2907 490 2986 patronus
507 2903 615 2987 plene,
638 2904 695 2987 qui
713 2902 789 2966 huie
806 2923 866 2985 pro
880 2909 913 2968 te
926 2913 1097 2987 argentum
1110 2905 1195 2972 dedi.

83 3005 292 3090 Perpraphiee
315 3010 401 3076 hune
421 3011 499 3078 uolo
520 3011 693 3078 ludificari.
983 3009 985 3014 ’

501 3131 775 3214 Lemniselena

592 3257 665 3323 Meo
688 3276 748 3340 ego
770 3259 804 3322 in
827 3257 898 3324 loeo
921 3256 1037 3324 sedulo
1059 3257 1192 3325 curabo.

536 3392 738 3460 Dordalus

82 3496 174 3569 Certo
202 3501 250 3568 illi
277 3502 424 3569 homines
453 3501 532 3568 mihi
561 3503 671 3568 neseio
702 3501 780 3584 quid
804 3502 882 3568 mali
905 3503 1082 3571 consulunt
1107 3504 1196 3587 quod

787 3607 920 3677 facient.

517 3717 742 3802 Saparietio

924 3829 1016 3894 Heus
1038 3851 1109 3896 uos.
1145 3847 1197 3902 840

87 3945 279 3960 -1--ιι

159 4033 208 4087 829
225 4033 307 4089 tuitii
326 4031 400 4088 huno
417 4031 591 4087 ludificemue
608 4033 664 4087 nisi
682 4034 706 4087 ri
724 4033 839 4102 dignust
855 4031 891 4103 :iss
986 4034 1038 4088 830
1055 4033 1121 4103 quie
1138 4052 1197 4090 non

85 4115 288 4174 inconciliata
391 4121 440 4174 831
460 4121 591 4173 Attamen
609 4135 666 4173 non
685 4124 780 4172 temen
796 4117 832 4188 ᾗ
900 4119 951 4172 833
969 4121 1147 4188 prostibilem
1160 4119 1196 4183 B.

85 4204 291 4274 prorepilemc
399 4204 561 4274 cropediem
677 4204 729 4258 834
748 4204 914 4258 aduersatus
933 4211 974 4256 eet
1077 4207 1128 4260 833
1145 4224 1197 4261 nec

87 4289 143 4342 retii
161 4291 293 4347 honestus
310 4290 338 4345 B
417 4292 468 4344 835
486 4289 521 4343 Ni
539 4291 568 4344 id
588 4289 673 4345 efficit
755 4291 882 4358 ingratos
901 4288 928 4344 Β
1007 4297 1134 4359 repertur
1154 4296 1197 4346 eet

87 4373 129 4427 833
146 4377 260 4434 ...hice
279 4375 314 4444 Β,
334 4376 380 4430 hie
399 4376 455 4432 {0
522 4376 716 4432 ludifiereriO
782 4377 834 4430 840
852 4376 919 4444 quid
989 4375 1043 4430 heu
