2930 5002
71 510 113 565 IV.
133 515 156 572 9,
178 513 276 564 19-24
564 511 685 566 Rudeuo.

539 664 702 783 'Gripus

218 809 303 889 Quid
326 811 436 892 negoti
459 816 519 888 est,
543 811 639 876 modo
663 811 741 877 diue.

524 988 734 1084 Trachalio

779 1097 892 1164 Dicam
905 1105 1083 1164 -tuoe-

70 1205 102 1271 Si
123 1205 219 1271 fidem
241 1205 338 1272 modo
363 1206 422 1272 dus
446 1205 534 1288 mihi,
557 1214 590 1274 to
614 1229 679 1274 uon
702 1206 771 1273 fore
794 1206 938 1272 infidum.

552 1383 701 1466 Gripus

70 1493 114 1556 Do
137 1491 231 1558 fidem
255 1492 331 1572 tibi3
354 1491 441 1557 fidus
464 1514 529 1571 ero,
552 1494 701 1577 quisquis
724 1514 768 1558 es.

517 1669 727 1736 Trachalio

487 1852 492 1862 ⁸
814 1778 909 1858 Audi,

69 1885 201 1950 Furtum
213 1905 272 1968 ego
285 1885 352 1950 uidi
365 1887 420 1969 qui
434 1885 594 1966 faciebam
618 1907 730 1952 norom
750 1886 917 1952 domiuum
934 1887 967 1952 id
980 1887 1059 1971 quoi
1071 1886 1181 1952 fiebul.

67 1992 141 2058 Posl
162 1993 206 2058 ud
228 1993 333 2060 furem
356 2001 484 2078 egomet
507 1993 646 2060 deuenio
668 1992 801 2077 feroque
824 1997 852 2060 ei
877 1995 1097 2061 condicionum
1123 1995 1184 2060 hou

777 2111 888 2188 puoto:

70 2209 140 2291 'Ego
163 2212 250 2276 istuc
272 2211 394 2277 furtum
419 2213 486 2278 saio
510 2213 588 2295 quoi
610 2212 731 2277 factum
756 2218 820 2292 ost3
855 2232 941 2278 nuuc
967 2212 1048 2277 mihi
1076 2213 1102 2278 si
1131 2214 1184 2278 uis

777 2321 857 2386 dare
881 2320 1058 2398 dimidium,
1133 2337 1184 2390 945

69 2426 223 2494 Indicium
241 2429 372 2494 domino
391 2449 456 2493 non
472 2427 609 2495 faciam’.
654 2429 687 2494 Is
708 2428 786 2494 mihi
797 2428 878 2493 nihil
891 2430 989 2494 otium
1002 2428 1181 2512 rospondit.

72 2533 174 2612 Quid?
196 2537 273 2624 indo
291 2557 428 2620 aequom
448 2537 586 2603 estuari
605 2536 683 2601 mihi
704 2537 896 2603 dimidium?
926 2535 1010 2604 Uolo
1027 2544 1065 2602 ut
1082 2536 1183 2603 dicas,

552 2691 702 2772 Gripus

719 2801 821 2866 Immo
843 2800 952 2864 hercle
975 2800 1076 2865 otiam
1098 2798 1183 2883 plus.

73 2905 149 2972 Nam
171 2911 234 2975 nisi
258 2909 325 2988 dul,
349 2909 480 2974 domino
504 2908 680 2976 dicundum
702 2929 830 2976 consuo.

518 3081 726 3146 Trachalio

804 3190 874 3255 Tuo
897 3189 1032 3254 oonsilio
1054 3187 1182 3252 luciam.

74 3292 159 3362 Nunc
180 3299 319 3364 uduorte
342 3299 494 3376 animam,
517 3317 658 3382 numque
680 3297 742 3364 hoo
764 3319 859 3363 omne
882 3299 1003 3364 attinet
1025 3295 1067 3361 ad
1091 3305 1134 3360 le.

551 3450 702 3550 Gripus

860 3576 945 3656 Quid
968 3577 1090 3642 fuctum
1113 3575 1184 3641 est?

525 3721 732 3788 Trachalio

78 3824 222 3897 Uidulum
244 3834 344 3898 istum
368 3830 485 3913 quoius
508 3835 558 3896 est
581 3831 657 3894 noui
681 3849 740 3912 ego
763 3827 928 3894 hominem
950 3829 1015 3894 ium
1039 3826 1174 3910 pridem,
1282 3869 1286 3880 -

554 3999 700 4080 Gripus

781 4106 867 4185 Quid
889 4107 961 4172 est?
1136 4121 1188 4175 950

79 4225 269 4240 Μ

159 4315 206 4369 940
221 4316 331 4384 negocii
350 4313 379 4369 B
420 4313 497 4367 ·dic
575 4315 626 4367 949
643 4327 777 4367 noueram
855 4312 906 4364 944
923 4307 1062 4362 PortutO
1137 4309 1187 4361 94⁷

82 4399 192 4468 amplius
264 4403 315 4456 949
333 4398 448 4455 NumO
519 4399 571 4453 950
587 4398 666 4452 ouius
684 4401 749 4452 nost
766 4395 800 4464 Β,
824 4396 903 4451 ouius
920 4392 1034 4448 mesto

937 4501 984 4556 10*
