3002 5000
115 503 157 572 11,
176 505 200 568 e,
221 507 311 569 11-c‚
330 509 347 558 4
646 501 738 558 ressa.
1202 509 1242 569 29

114 691 189 758 Hoc
205 695 310 759 amico
328 715 398 760 meo
419 692 618 778 prosperabo
637 699 671 758 et
688 693 783 776 genio
802 713 874 758 meo
892 693 996 758 multa
1013 691 1099 758 bons
1110 689 1240 757 faciem.

115 802 181 866 Diu
204 802 293 887 quod
315 802 397 869 bene
420 803 491 882 erit,
515 802 567 869 die
590 821 655 867 uno
675 800 856 867 sbsolusm.
901 800 972 866 Tux
991 805 1048 865 tax
1066 807 1159 886 tergo
1179 803 1243 868 erit

833 929 922 991 meo;
944 929 1008 976 non
1033 930 1123 976 curo.

113 1018 214 1084 Nunc
235 1021 340 1086 amico
363 1020 488 1086 homini
509 1019 611 1086 boues
629 1017 772 1084 domitos
791 1039 864 1085 mea
881 1039 921 1084 ex
938 1019 1086 1085 crumina
1104 1019 1242 1103 lsrgisr;

114 1128 203 1194 Nam
230 1127 264 1193 id
294 1130 423 1194 demum
451 1127 597 1212 lepidum
626 1133 690 1207 est,
724 1127 903 1212 triparcos,
936 1127 1082 1208 semies,
1116 1128 1241 1210 auidos,

291 1257 293 1260 ·
833 1237 943 1304 aridos
1190 1255 1242 1308 cco

114 1345 208 1410 Bene
228 1345 429 1426 remordere,
454 1347 511 1431 qui
534 1345 674 1412 salinum
697 1367 794 1412 seruo
819 1346 994 1429 obsignant
1016 1366 1091 1412 cum
1112 1347 1191 1412 sele.

115 1451 256 1532 Uirtust,
279 1453 336 1520 ubi
359 1453 674 1533 eccesie-admonet,
700 1454 871 1538 dispicere.
912 1452 995 1530 Quid
1018 1453 1118 1520 faciet
1140 1455 1243 1521 mihi?

114 1562 320 1628 Uerberibus
344 1562 436 1628 caedi
459 1563 602 1639 iusserit,
627 1562 799 1647 compedes
822 1564 963 1649 inpingi3
984 1564 1148 1648 copulem.

111 1670 167 1735 Ne
191 1670 253 1736 sibi
275 1693 326 1736 me
350 1671 464 1738 credet
482 1672 664 1755 supplicem
681 1669 759 1738 fore.
806 1671 876 1738 er
893 1672 955 1737 illi!
981 1674 1059 1739 mihi
1076 1675 1142 1738 iam
1158 1673 1242 1739 nihil

833 1782 919 1872 noui
1079 1869 1082 1874 Ι

111 1887 237 1953 Offerri
256 1895 341 1970 pote,
353 1891 432 1971 quin
450 1890 512 1954 sim
529 1890 664 1973 peritus.
702 1887 767 1955 Sed
778 1889 884 1956 Toxili
901 1911 1037 1974 puerum
1052 1912 1171 1958 eccum.
1191 1908 1244 1962 220

408 2179 643 2248 PAEGNIUM.
688 2179 952 2248 SAGARISTIO.

570 2367 808 2454 Paepcium'

105 2481 257 2544 Peneum
271 2499 386 2552 meum,
399 2478 486 2562 quod
499 2479 683 2558 dictumest,
696 2477 834 2560 confeci3
847 2501 934 2546 nunc
946 2480 1076 2546 domum
1089 2502 1241 2565 propero.

554 2599 784 2682 Sapcrieiie

828 2707 935 2788 Mene,
959 2709 1035 2794 [etsi
1058 2711 1242 2795 properas]‚

106 2794 309 2876 Paegnium,
333 2793 494 2860 aesculis.

570 2913 786 2998 Paepcicm
1288 2985 1291 2994 Α

378 3023 495 3088 Emere
518 3029 659 3108 oportet,
683 3042 779 3105 quem
802 3022 863 3088 tibi
886 3022 1041 3090 oboedire
1064 3025 1156 3110 melis.
1265 3071 1269 3080 ,

565 3143 801 3226 Saporistio

1128 3229 1240 3295 Adeba.

570 3347 786 3434 Poepcicm

110 3457 282 3522 Exhibeas
306 3456 490 3523 molestiam
512 3458 567 3538 mi,
589 3460 776 3544 mopinot,
800 3459 827 3523 si
850 3457 929 3548 quid
952 3456 1099 3538 debeam,

108 3566 181 3645 Qui
203 3587 290 3631 nunc
313 3568 492 3632 siccamen
514 3587 549 3632 es
571 3567 736 3634 molestus.

187 3805 237 3858 262
260 3803 342 3859 Nunc
361 3810 389 3860 sc
407 3805 498 3859 emico
515 3821 578 3859 meo
596 3804 659 3874 Bc,
679 3803 760 3861 Nunc
778 3805 869 3860 emico
888 3806 915 3860 A
1035 3805 1194 3874 properabo
1213 3804 1241 3859 Β

106 3891 169 3944 263
188 3895 289 3943 buxcsx
308 3888 359 3944 ΒΟ
409 3891 460 3943 264
477 3891 637 3945 hominibus
656 3890 771 3944 domitis
827 3893 877 3946 266
894 3883 1017 3958 tripecos
1036 3891 1063 3944 B
1113 3890 1241 3945 homines

107 3975 231 4030 merulos
316 3977 367 4030 266
385 3977 447 4045 quis
465 3976 587 4031 alienum
606 3975 659 4031 Rc
742 3977 794 4031 262
810 3969 907 4032 Uirtui
926 3981 969 4030 est
1052 3975 1196 4044 dispecere
1214 3975 1242 4031 Β

107 4063 169 4116 268
187 4059 343 4116 Ueboribus
361 4060 388 4115 Β
474 4063 581 4116 iusririt
598 4060 625 4115 B
717 4064 823 4131 inpono
840 4061 877 4128 Β,
895 4061 1044 4132 imponiO
1127 4062 1243 4131 copulet

108 4150 169 4203 269
186 4147 321 4215 auplicem
407 4164 471 4202 rore
488 4147 516 4202 B
602 4147 745 4202 nihilium
763 4149 831 4202 mihi
850 4149 875 4201 A
962 4151 1013 4202 220
1031 4145 1115 4201 Offsri
1134 4148 1162 4203 B

108 4237 212 4302 potest
313 4250 429 4302 puerum
449 4233 599 4304 paegnium
617 4249 713 4288 eccum
732 4232 796 4302 AB,
814 4250 932 4302 puerum
950 4249 1087 4303 pregnum
1105 4251 1202 4288 eccum
1223 4234 1245 4288 Ο

185 4319 234 4372 271
255 4317 350 4373 dotem
369 4320 393 4372 si
410 4318 438 4373 B
527 4337 601 4375 nunc
619 4335 670 4389 pro
689 4319 803 4373 domum
820 4317 873 4373 Bc
963 4321 1014 4374 272
1033 4318 1187 4388 Pscpnium
1204 4318 1240 4388 B,

110 4403 296 4473 Pepniumc
369 4408 443 4460 osias
461 4404 488 4458 A
557 4407 607 4459 273
624 4404 663 4459 rni
682 4421 732 4460 om.
803 4405 854 4458 2¹74
872 4409 928 4458 tem
948 4403 1000 4459 Bc
