2920 4998
554 433 585 487 V.
605 435 748 488 cuo—647.
1155 439 1216 499 549

68 647 172 686 suam
198 629 374 706 predicasse
397 627 530 688 ostendit
551 627 711 707 Epignomi
738 647 921 708 responsum.
972 625 1096 687 Relictis
1125 631 1218 703 igitur

70 729 218 789 duorum
241 751 379 789 versuum
401 730 537 810 partibus
567 750 631 807 quae
658 731 813 809 perierunt
833 731 974 809 supplere
997 736 1120 791 conatus
1142 751 1216 790 snm.

69 833 113 891 R.
145 833 215 892 ed.:
243 833 338 906 „Noui
362 853 431 910 ego:
460 840 534 911 aput
555 854 602 892 me
624 836 698 891 satis
720 839 885 912 spectatast
908 833 981 892 mihi
1003 835 1060 891 iam
1083 838 1136 892 tua
1158 836 1217 892 ista

70 932 237 994 facilitas“
269 941 339 1014 post
367 937 428 994 haec
456 957 575 995 versum
603 936 745 995 excidisse
768 941 918 1009 statuens3
952 939 982 995 in
1006 938 1086 996 uotis
1109 942 1216 1011 autem,

71 1038 169 1115 quod
194 1041 310 1118 recepit
332 1037 451 1113 Gesta,
483 1037 579 1112 „Noui
601 1058 668 1115 ego:
703 1040 762 1097 ista
783 1039 855 1097 satis
878 1043 1041 1114 spectatast
1064 1039 1134 1096 mihi
1157 1041 1216 1097 iem

71 1145 136 1198 tna
171 1136 330 1212 felicitas“‚
365 1160 429 1218 qaae
459 1142 549 1199 talem
578 1161 695 1200 versum
726 1143 875 1218 excepisse
904 1146 1012 1217 putat:
1055 1143 1138 1215 „Qua
1166 1143 1216 1200 de·

71 1261 207 1319 pugnas
229 1243 343 1302 neutris
367 1263 469 1318 causa,
502 1243 592 1303 homo
622 1243 722 1318 nihili,
757 1263 823 1302 cam
852 1244 956 1302 alienis
986 1241 1101 1304 bonis“.
1158 1245 1216 1304 Sed

73 1345 243 1404 felicitatis
266 1346 375 1405 mentio
398 1349 429 1404 in
451 1345 696 1406 antecedentibus
716 1346 911 1405 desideratur.
957 1345 1108 1406 LeoMus.
1121 1347 1215 1406 Rhea.

73 1447 223 1506 XXXIX
243 1469 272 1525 p.
298 1451 357 1508 471
381 1469 441 1507 unc
464 1469 567 1508 versu:
595 1449 679 1522 „Non
702 1468 778 1526 nego
803 1450 859 1506 ista
882 1453 955 1524 aput
976 1455 1016 1508 te.
1051 1449 1111 1508 ΕΡ.
1137 1450 1215 1508 Satis

76 1555 255 1626 spectatast
282 1551 355 1610 mihi
382 1553 440 1610 iam
468 1557 522 1611 tua
550 1546 708 1610 felicitas“.
733 1580 774 1592 -
804 1553 876 1611 632.
903 1567 969 1611 rem
993 1544 1214 1629 confreqimuS,

77 1653 120 1711 cf.
135 1651 226 1711 Tria.
242 1655 311 1712 109.
332 1685 372 1695 -
396 1656 467 1714 633.
494 1647 766 1732 ΟαΐαρεῑαεὲΜαΜ,
789 1659 824 1712 nt
845 1655 897 1731 qui
919 1675 977 1712 ncn
1001 1656 1094 1714 solum
1118 1655 1216 1715 rideas

76 1759 112 1813 et
136 1757 236 1814 risum
257 1775 386 1828 moveas,
409 1757 461 1815 sed
485 1760 575 1816 etiem
598 1777 645 1816 me
668 1757 813 1830 derideas,
837 1757 992 1844 scrupetis.

177 1859 249 1917 634.
282 1852 393 1918 Iamne
415 1852 584 1919 atterent?
615 1859 651 1918 A.
709 1860 795 1932 Quod
824 1880 896 1920 vero
925 1860 1004 1919 idem
1027 1863 1059 1919 in
1082 1865 1215 1920 extremo

79 1979 180 2020 versu
196 1960 324 2038 prabet:
351 1982 447 2034 „nunc
464 1963 586 2022 consilio
603 1968 690 2041 capto
709 1958 827 2039 opust“,
851 1982 878 2021 v.
898 1962 997 2023 Loew.
1010 1963 1098 2022 Anal.
1110 1985 1139 2041 p.
1156 1965 1216 2022 184

82 2091 124 2102 -
153 2063 289 2122 Studern.
310 2065 394 2124 Stud.
417 2065 432 2123 1
453 2087 483 2143 p.
509 2067 569 2124 208
595 2063 701 2140 „caro“
728 2067 841 2142 legerat
863 2095 914 2138 -‚
939 2066 969 2123 id
1000 2067 1215 2143 repudiandum

82 2171 147 2238 est,
179 2167 250 2243 quia
278 2186 332 2225 nec
361 2189 427 2227 cnm
454 2164 530 2228 uide
556 2173 629 2228 setis
659 2169 796 2244 congruit
817 2187 871 2226 nec
899 2188 964 2226 cnm
994 2171 1045 2242 iis,
1080 2189 1146 2245 que
1168 2189 1214 2228 se·

83 2275 232 2345 qnuntur.
276 2269 351 2329 Nem
374 2272 400 2329 si
420 2264 569 2329 retinetur
591 2275 755 2330 ceterarum
779 2271 912 2330 codicum
935 2273 1092 2350 scripture,
1118 2272 1216 2331 deleto

87 2367 160 2443 „es“
186 2377 219 2429 nt
241 2373 303 2446 Fr,
326 2374 409 2431 nulla
431 2393 518 2432 cause
541 2380 599 2446 est,
632 2393 684 2432 cur
707 2394 773 2432 cum
797 2374 830 2432 R.
855 2395 972 2434 versum
995 2375 1137 2434 excidisse
1159 2396 1215 2452 pu-

82 2479 196 2532 temus.
228 2504 271 2515 —
304 2479 375 2535 635.
411 2471 460 2535 Ia
485 2491 525 2534 tte
558 2481 589 2534 et
624 2471 699 2535 Tibi
730 2491 788 2549 ne,
830 2497 857 2535 v.
888 2478 925 2536 ad
954 2479 1037 2536 Asin.
1068 2479 1138 2536 875.
1172 2507 1215 2517 —

90 2568 199 2635 Uidea
221 2575 265 2636 Fi.
290 2585 321 2636 et
343 2578 393 2652 R„
424 2583 459 2636 ut
481 2581 506 2636 A
528 2581 560 2636 iu
588 2578 702 2636 duobus
731 2581 886 2656 proximus
909 2579 1053 2638 versibus.
1077 2609 1118 2619 --
1143 2582 1213 2640 636.

85 2677 124 2738 ui
146 2679 183 2738 A.
220 2675 420 2758 proihymiue
442 2682 482 2755 A,
503 2687 662 2759 promptus
682 2682 720 2740 ad
737 2682 916 2740 hilaritatem
935 2685 1066 2755 animus,
1091 2683 1213 2742 cteta.

85 2779 197 2842 Pseud.
231 2784 320 2842 1268.
350 2812 392 2824 -
421 2784 492 2842 637.
522 2778 625 2859 ipsos,
662 2784 813 2858 dominos,
840 2781 1067 2860 parasitart'er,
1101 2785 1214 2860 parasi-

85 2889 188 2944 torum
211 2905 286 2963 opus
308 2885 415 2944 facere.
445 2914 486 2926 -
514 2887 584 2944 638.
608 2881 770 2963 inspiciet,
801 2887 836 2945 cf.
867 2887 943 2945 Rad.
970 2889 1065 2946 1275:
1105 2886 1214 2958 „Num-

87 3006 178 3063 quam
201 2988 307 3065 edepol
329 2988 416 3046 hodie
439 2987 477 3046 cd
498 3007 655 3065 uesperum
677 2989 802 3066 Gripum
824 2991 990 3068 inspicietis
1021 2987 1153 3048 niucm“.
1172 3018 1213 3029 —

90 3089 163 3148 639.
190 3086 321 3166 potione
352 3085 473 3150 iuncea.
528 3090 667 3169 Laqueus
701 3091 885 3169 significatur
918 3112 954 3150 ex
986 3093 1073 3150 iunco
1106 3093 1212 3166 factus,

88 3209 159 3249 nam
187 3194 345 3270 suspendio
376 3190 462 3252 finire
489 3195 580 3252 vitam
609 3197 780 3270 constituit3
815 3196 867 3255 sed
896 3197 1029 3274 parasito
1052 3196 1152 3253 omnia
1175 3193 1213 3252 ad

88 3289 198 3369 qulam
220 3296 398 3355 referuntur.

552 3517 755 3528 *-

178 3707 247 3766 641.
272 3707 441 3765 Extremam
463 3709 570 3767 fabulae
591 3715 880 3787 partemflservcrum
900 3707 1068 3767 convivium
1088 3707 1212 3765 obtinet.

92 3800 193 3881 More,
214 3811 318 3887 μώρως,
341 3829 369 3868 v.
394 3811 432 3868 ad
454 3809 533 3870 Men.
558 3813 628 3870 557.
652 3840 693 3851 ·-
716 3805 811 3870 Sistite
832 3813 867 3869 A.
891 3839 932 3849 —
957 3811 1027 3868 642.
1057 3809 1213 3868 structura

92 3913 287 3985 perctactica‚
312 3913 347 3972 cf.
373 3913 443 3971 527.
495 3912 653 3990 Vituperat
683 3914 816 3972 inutilem
839 3914 923 3971 illum
947 3931 1072 3984 morem,
1107 3931 1166 3987 quo
1189 3911 1215 3970 si

94 4031 178 4088 quem
201 4020 418 4091 exspectamus,
447 4017 617 4094 prospicere
640 4016 780 4088 solemus,
809 4035 846 4073 an
877 4017 986 4074 veniat.
1021 4010 1025 4018 ’
1037 4011 1212 4089 promisere,

94 4115 128 4174 ct.
146 4117 183 4174 ad
201 4117 279 4176 Men.
299 4119 369 4177 691.
391 4147 428 4158 -
455 4119 526 4177 643.
552 4112 622 4194 Qui,
646 4124 681 4176 at
705 4121 775 4177 645.
819 4111 876 4178 etta
899 4131 1000 4191 cauea,
1024 4139 1051 4176 v.
1070 4116 1106 4174 ad
1124 4117 1212 4176 Most.

98 4217 165 4280 386.
182 4249 224 4259 -
243 4216 329 4280 ocius
350 4215 451 4278 nihilo
474 4222 516 4295 A;
540 4221 651 4279 hiatum
675 4239 787 4278 caesura
804 4226 915 4279 tuetur.
934 4249 975 4260 -
993 4221 1064 4278 647.
1091 4213 1213 4279 (dadum

96 4334 160 4381 cum
181 4317 264 4396 uim,
287 4343 315 4382 v.
334 4323 372 4381 ad
390 4322 473 4382 Pers.
493 4325 563 4383 266.
585 4352 630 4362 -
650 4317 725 4383 hinc
746 4338 766 4382 a
786 4338 834 4382 me
852 4318 920 4396 huc,
945 4324 980 4382 cf.
1001 4322 1036 4381 ad
1058 4322 1121 4380 Mil.
1141 4323 1212 4380 331.
