2930 5002
309 453 367 514 158
546 439 549 444 '
816 447 908 502 Plauti
1213 447 1262 512 lv,
1280 451 1303 514 4,
1319 450 1398 502 se-re

378 701 379 706 ,
756 635 974 724 Daemones

309 745 414 812 Uerbo
437 744 494 810 illo
516 745 612 811 modo
634 745 690 810 ille
712 746 802 810 uicit.
847 745 933 824 Quid
955 767 1041 811 nuno
1064 752 1100 812 tu
1122 746 1195 812 uis?
1218 747 1270 813 dic
1290 745 1365 811 mihi.

757 901 968 966 Trachalio

304 1008 462 1091 Equidem
482 1029 540 1091 ego
559 1029 664 1093 neque
685 1015 811 1093 partem
831 1029 930 1094 posco
949 1008 1028 1074 mihi
1039 1009 1138 1074 istinc
1150 1009 1190 1074 de
1203 1009 1286 1074 istoc
1297 1005 1401 1083 uidulo,

304 1118 418 1202 Neque
432 1137 537 1182 meum
550 1137 621 1181 esse
634 1116 730 1183 hodie
742 1137 897 1200 umquam
910 1116 991 1198 dixi3
1014 1117 1072 1182 sed
1090 1117 1145 1182 isti
1160 1118 1248 1182 inest
1260 1109 1402 1182 cistellula

304 1225 410 1292 Huius
434 1225 590 1306 mulieris,
614 1246 712 1309 quam
735 1225 858 1291 dudum
881 1225 947 1291 dixi
969 1225 1072 1292 luisse
1093 1225 1243 1291 liberam.
1351 1239 1403 1292 1066

754 1379 975 1446 Daemones

303 1490 426 1574 Nempe
449 1494 486 1555 tu
507 1489 592 1572 hapa
615 1487 712 1568 diois,
744 1509 841 1572 quam
870 1510 941 1555 esse
968 1489 1061 1556 aibas
1088 1487 1210 1554 dudum
1233 1487 1403 1574 popularem

1018 1597 1147 1662 meam?

755 1740 967 1806 Trachalio

304 1849 497 1916 Admodum.
544 1849 585 1915 Et
607 1871 647 1928 aa
669 1869 753 1934 quae
776 1848 853 1914 olim
877 1869 980 1934 parua
1003 1849 1148 1931 gestauit
1170 1846 1344 1932 crepundia

303 1959 362 2023 Isti
383 1960 417 2024 iu
439 1959 504 2024 ista
526 1959 645 2024 cistula
665 1959 788 2036 insunt,
812 1977 896 2041 quae
918 1958 975 2022 isti
997 1958 1083 2023 inest
1104 1957 1138 2022 iu
1160 1955 1283 2022 uidulo.

303 2065 373 2132 Hoc
394 2087 501 2151 neque
523 2068 579 2133 isti
601 2087 678 2132 usus
702 2073 752 2131 est
773 2072 808 2131 et
829 2066 877 2130 illi
896 2065 1034 2130 miserae
1054 2065 1223 2150 suppetias
1239 2063 1327 2140 feret,
1350 2075 1402 2129 lato

304 2175 338 2242 Si
360 2175 394 2240 id
418 2175 555 2254 dederit,
579 2175 635 2258 qui
659 2194 736 2240 suos
759 2181 913 2258 parentes
937 2179 1084 2258 quaerat.
1142 2160 1149 2180 ⁴

756 2329 973 2394 Daemones

1028 2435 1161 2503 Faciam
1184 2443 1223 2501 ut
1244 2435 1314 2514 det;
1334 2439 1400 2496 tuoe.

789 2557 940 2637 Gripus

305 2668 395 2734 Nihil
417 2659 528 2734 hercle
551 2689 610 2750 ego
634 2689 704 2732 sum
728 2667 781 2731 isti
805 2666 951 2731 daturus.

759 2822 966 2887 Trachalio

973 2927 1062 2994 Nihil
1085 2933 1162 3012 peto
1185 2929 1248 2994 nisi
1270 2921 1401 2996 cistulam

306 3017 349 3082 Et
370 3016 566 3106 crepundia,

723 3163 730 3172 ’
794 3159 943 3240 Gripus

595 3267 689 3346 Quid,
713 3268 741 3333 si
764 3287 803 3333 ea
826 3273 903 3333 suut
924 3267 1046 3333 aurea?

758 3422 942 3488 Trachali
949 3443 966 3484 o

344 3589 349 3594 -
1093 3528 1178 3606 Quid
1201 3529 1284 3594 istuc
1305 3521 1372 3592 tual

305 3642 428 3703 Aurum
451 3659 532 3704 auro
555 3639 770 3721 expendetur,
801 3645 973 3722 argentum
997 3645 1133 3720 argento
1157 3633 1400 3721 exaequabimus.

791 3791 863 3857 arr·
895 3813 938 3858 aa

306 3899 372 3964 Fac
393 3901 439 3967 sie
462 3921 577 3966 aurum
601 3907 638 3967 ut
659 3900 807 3981 uideam3
841 3813 918 3984 pdst
947 3921 1006 3984 ego
1034 3901 1154 3966 faciam
1183 3907 1222 3967 ut
1243 3899 1350 3966 uideas
1367 3892 1402 3957 ci·

1017 4010 1148 4076 stolam.
1348 4017 1401 4072 roro

305 4163 508 4176 -.--...-.,..

392 4249 458 4303 10615
477 4246 593 4301 dixisset
610 4246 702 4302 iaia
771 4248 835 4302 1067
853 4247 947 4302 alebas
1018 4250 1083 4304 1009
1100 4247 1171 4302 Istic
1231 4248 1294 4302 istic
1349 4239 1401 4295 1⁰7⁰

306 4333 406 4389 misere
423 4336 449 4390 B
521 4333 583 4386 1071
603 4333 628 4386 it
645 4332 672 4386 Β
741 4335 808 4387 1074
824 4335 1008 4404 exaquabitur
1024 4333 1053 4388 Β
1123 4335 1191 4388 1075
1208 4332 1289 4390 Facie
1307 4342 1388 4386 aurum
