2898 4996
84 461 120 529 ΙΙ,
141 464 164 526 l,
185 460 278 526 37—2,
298 461 329 512 12
510 487 512 498 =
551 457 736 512 Trinummue.
1142 469 1204 530 269

212 649 359 715 Gloriam
383 654 416 712 et
438 649 596 729 gratiam
619 646 681 711 hoe
703 647 816 731 probis
840 650 1024 732 pretiumst.
1153 670 1203 722 275

210 759 257 824 Eo
281 756 359 822 mihi
382 758 485 838 magis
508 755 601 820 lubet
622 777 694 820 eum
717 756 830 839 probis
855 760 964 840 potius

212 866 316 943 Quom
340 886 413 929 cum
434 863 593 949 improbis
616 865 728 928 uiuere
752 865 922 944 uanidieis.

416 1252 583 1318 PHILTO.
627 1252 867 1320 LYSITELES.

532 1496 535 1502 ,
575 1441 714 1508 Philto

83 1555 152 1631 Quo
175 1553 243 1618 illic
266 1552 363 1618 homo
386 1551 476 1616 foras
501 1572 536 1616 se
558 1553 746 1634 penetrauit
768 1552 927 1618 aedibus?

535 1712 745 1795 Lysiteles

84 1823 190 1903 Peter,
213 1822 346 1902 adsum
369 1822 495 1904 impera
518 1801 660 1905 quiduis.

83 1931 195 2014 Neque
223 1929 286 1995 tibi
313 1950 368 1995 ero
397 1931 430 1993 in
461 1950 553 1995 mere
575 1950 680 2014 neque
703 1929 868 1995 latebrose
891 1951 942 1996 me
965 1932 1025 1998 ebe
1047 1939 1104 1999 tuo
1127 1954 1204 1999 con·

349 2027 352 2036 ⁴
796 2046 912 2121 spectu
936 2039 1118 2106 occultabo.
1154 2059 1205 2112 280

572 2192 708 2266 Philto

209 2304 339 2370 Feceris
362 2323 423 2387 par
446 2303 512 2367 tuis
536 2303 652 2366 ceteris
675 2302 782 2382 lectis,

207 2413 341 2478 Patrem
362 2419 457 2478 tuum
481 2413 509 2476 si
531 2411 679 2493 percoles
701 2432 760 2493 per
782 2413 949 2493 pietatem.
1007 2426 1008 2430 ’

206 2521 291 2587 Nolo
316 2543 376 2604 ege
398 2541 472 2586 eum
494 2519 642 2603 inprobis
665 2526 697 2584 te
722 2521 813 2598 uiris,
836 2527 934 2602 gnate
958 2521 1011 2599 mi,

205 2631 321 2713 Neque
343 2631 376 2694 in
399 2631 455 2695 uie
471 2649 577 2711 neque
595 2629 628 2692 in
646 2627 717 2693 loro
736 2628 839 2692 ullum
857 2649 1038 2693 sermonem
1057 2631 1200 2712 exsequi.

206 2739 290 2804 Noui
314 2759 373 2819 ego
396 2738 459 2803 hoo
481 2737 658 2816 saeculum,
681 2735 828 2802 moribus
852 2736 970 2819 quibus
993 2738 1045 2800 sit.
1152 2755 1203 2808 285

85 2846 187 2912 Malus
211 2849 331 2913 bonum
353 2847 474 2912 malum
498 2868 569 2911 esse
592 2846 672 2924 uolt,
694 2852 731 2910 ut
755 2846 799 2910 eit
821 2848 870 2909 sui
893 2845 1025 2926 similis3

86 2953 239 3033 Turbent,
263 2957 401 3020 miscent
423 2976 528 3020 mores
552 2954 640 3032 mali,
663 2975 775 3037 rapax,
799 2975 927 3032 auarus,
950 2954 1099 3033 inuidus3

88 3062 216 3129 Sacrum
239 3063 422 3148 profanum,
445 3063 614 3147 publicum
638 3064 804 3145 priuatum
828 3062 960 3140 habent,
984 3061 1094 3126 hiulce
1112 3083 1202 3145 gens.

88 3173 170 3238 Haec
187 3195 247 3255 ego
265 3172 371 3251 doleo,
391 3171 472 3236 haee
490 3178 566 3236 sunt
585 3193 669 3256 quae
688 3173 886 3248 excruciant,
908 3171 990 3237 haee
1008 3170 1078 3235 dies
1095 3167 1202 3235 noetis

796 3284 893 3344 canto
917 3284 954 3343 ut
976 3299 1108 3344 caueae.
1191 3359 1192 3362 Ἴ

91 3389 176 3465 Quod
189 3413 287 3456 manu
299 3413 363 3456 nen
376 3396 499 3472 queunt
511 3397 658 3472 tangere,
670 3394 797 3454 tantum
810 3389 860 3454 fae
873 3388 997 3453 habent
1009 3411 1074 3471 quo
1086 3409 1202 3454 manus

668 3491 669 3496 ’
796 3497 1000 3578 abstineant;
1153 3515 1204 3566 290

92 3604 201 3675 Cetera
223 3631 312 3693 repe,
336 3607 439 3687 trahe,
462 3607 546 3690 fuge,
570 3607 645 3672 late.
686 3605 862 3694 Lacrumes
885 3604 967 3670 haec
990 3604 1079 3683 mihi,
1104 3628 1202 3690 quom

797 3714 903 3794 uideo,
927 3714 1073 3778 eliciunt.

93 3840 286 3849 ——-...--.

169 3927 218 3978 2⁷⁷
236 3922 375 3978 uenidieie
393 3923 422 3974 lx
439 3920 498 3974 fillo
517 3921 642 3989 lyeiteles
661 3920 687 3972 B

94 4007 196 4063 FILTA
213 4011 246 4078 A,
283 4007 406 4064 SENEX
446 4006 614 4061 ADULESG
631 4006 667 4073 B,
686 4005 892 4059 LYSITELES
911 4001 1151 4059 ADULESCENS

94 4093 212 4150 PlllLIO
265 4093 426 4149 SENEXG

96 4179 328 4249 tlsspeenetrauit
345 4181 370 4232 A
432 4195 467 4231 ex
485 4179 601 4232 aedibus
664 4179 714 4230 279
732 4176 807 4245 qued
825 4178 867 4230 uie
885 4176 938 4230 ΒΟ
1000 4177 1051 4229 280
1068 4192 1202 4242 conspec-

99 4265 190 4320 tusto
236 4270 288 4321 284
304 4285 364 4335 neq.
380 4266 465 4318 ullum
518 4266 568 4317 285
586 4263 776 4332 quibusetA-
803 4265 853 4315 289
872 4279 942 4330 quae
956 4279 1000 4314 me
1011 4261 1045 4324 A,
1065 4276 1147 4327 quem
1156 4258 1207 4313 ΒΟ

157 4359 302 4423 noctesque
320 4351 374 4406 Bc
439 4356 523 4403 canto
542 4349 594 4402 tibi
612 4353 645 4402 ut
711 4349 762 4401 290
778 4353 901 4417 quaeunt
918 4347 945 4400 A
1012 4346 1159 4414 aptineent
1177 4341 1205 4397 B
