2930 5002
75 464 103 528 V,
121 466 147 528 3,
166 467 267 519 22-32
584 463 703 518 Rudens.

525 653 748 719 Daemones

74 763 144 858 Qua
167 783 227 845 pro
251 784 286 827 re
310 774 483 845 argentum
507 764 657 846 promisit
679 761 732 826 hie
754 762 837 826 tibi?

558 897 707 978 Gripus

899 1007 932 1072 Si
956 1008 1105 1072 nidulum
1131 1023 1197 1076 1365

76 1115 166 1179 Hunc
188 1116 387 1198 redegissem
410 1118 444 1181 in
467 1121 667 1200 potestatem
691 1117 771 1196 eiua,
794 1117 939 1182 iuratust
963 1115 1041 1181 dare

74 1222 150 1287 Mihi
174 1225 333 1288 talentum
359 1243 511 1304 magnum
534 1224 672 1306 argenti.

553 1359 710 1424 nobo-oe

615 1466 702 1532 Cedo
726 1471 856 1552 quicum
879 1469 1020 1534 habeam
1043 1468 1195 1537 iudicem.

74 1573 112 1637 ni
136 1575 211 1640 dolo
237 1577 321 1641 malo
345 1576 557 1660 instipulatus
581 1578 626 1640 aia
650 1578 726 1641 niue
750 1578 849 1642 etiam
871 1577 957 1641 hond
981 1578 1057 1642 dum
1083 1579 1164 1640 siem

74 1682 223 1767 Quinque
248 1695 282 1750 et
303 1686 420 1767 uiginti
444 1705 547 1750 annos
571 1694 677 1750 natus.

557 1821 708 1901 Gripus

662 1931 755 1995 Habe
779 1951 852 1993 oum
876 1931 947 1994 hoe.

552 2066 714 2132 noerae

931 2175 1004 2240 Alio
1028 2183 1079 2240 est
1101 2197 1193 2258 opus.

524 2296 742 2360 Daemones

77 2401 142 2466 Iam
154 2397 194 2467 ab
206 2407 270 2468 isto
283 2405 365 2467 iotae
377 2403 505 2468 auferre
524 2405 639 2480 ausim,
658 2407 682 2466 si
701 2405 812 2468 istunc
831 2405 1104 2468 condemnauero.
1131 2419 1195 2470 1370

76 2509 295 2576 Promisistioe
318 2511 395 2576 huie
418 2515 612 2592 argentum?

552 2663 710 2729 Labrax

655 2774 785 2838 Fateor.

525 2927 744 2994 Daemones

834 3034 927 3111 Quod
952 3059 1049 3102 seruo
1073 3057 1139 3100 meo

78 3141 263 3220 Promisisti‚
289 3165 395 3208 meum
418 3164 489 3208 esse
513 3155 653 3227 oportet,
676 3166 716 3208 ne
739 3153 785 3218 tu,
809 3146 894 3224 leno,
920 3146 1065 3229 postules

77 3250 118 3312 Te
139 3251 191 3316 hie
213 3252 278 3317 fide
300 3251 433 3316 lenonia
454 3251 518 3332 uti;
542 3275 606 3317 non
632 3263 734 3336 potes.

556 3406 707 3486 Gripus

781 3516 851 3580 Iam
874 3522 906 3579 te
930 3514 1033 3580 ratu’s

80 3621 232 3687 Nanctum
255 3623 418 3687 hominem
442 3645 538 3706 quem
556 3623 790 3688 defraudares?
824 3623 975 3687 Dandum
995 3623 1060 3688 huo
1079 3643 1194 3704 argen-

786 3737 888 3795 tumst
912 3732 1060 3813 probum.

81 3835 112 3900 ld
124 3859 179 3920 ego
192 3840 345 3903 continuo
358 3839 434 3904 huie
446 3841 532 3904 dabo
546 3839 637 3916 adeo,
657 3861 707 3904 me
725 3848 763 3905 ut
779 3839 833 3904 hie
848 3841 979 3905 emittat
996 3862 1102 3906 manu.
1130 3857 1195 3909 1375

158 4097 222 4148 1366
239 4097 346 4147 iuratus
441 4096 508 4148 1368
525 4095 600 4148 haud
618 4110 668 4149 om.
765 4097 829 4148 1369
848 4102 931 4150 natus
950 4112 1039 4148 annos
1129 4097 1196 4148 1370

81 4190 199 4236 ntucom.
255 4187 304 4232 ant
322 4180 374 4232 aim
428 4182 491 4234 1371
504 4181 660 4234 Promieiati
712 4180 849 4248 iuieorB,
867 4180 1014 4236 intueorO
1064 4199 1127 4234 meo
1146 4197 1196 4235 om.

82 4267 139 4318 1:372
156 4265 319 4332 promiauiO
390 4272 491 4335 oporte
506 4265 534 4319 B
615 4269 680 4321 1373
697 4265 780 4320 fidele
799 4284 856 4321 non
875 4267 945 4322 lauti
965 4267 1001 4334 Β,
1026 4266 1080 4321 fide
1100 4268 1194 4321 lenoni

81 4349 140 4403 lauti
160 4351 181 4405 0
251 4353 317 4405 1374
334 4350 562 4407 Defraudandnm
581 4352 662 4404 dares
682 4351 804 4406 dandum
