2930 5002
551 535 672 590 Rudene.
1131 543 1170 602 99

502 725 717 791 Palaestra
846 753 848 758 ·

783 835 869 898 Ecce
893 856 958 914 me3
1123 854 1174 906 240

52 946 178 1010 Accede
200 945 242 1010 ed
267 964 317 1026 me
342 949 440 1026 etque
464 944 518 1008 edi
542 951 665 1008 contre.

494 1098 724 1179 Ampelisca
774 1171 776 1176 .

706 1208 760 1274 Fit
782 1207 905 1274 sedulo.

503 1361 715 1430 Palaestra

53 1473 138 1541 Cedo
162 1495 304 1540 menum.

497 1638 724 1718 Ampelisca

357 1748 488 1831 Accipe.

505 1905 715 1972 Palaestra

522 2017 592 2097 Dic,
615 2017 768 2081 uiuiene?
791 2017 943 2083 obsecra

498 2187 726 2269 Ampelisca

53 2295 99 2362 Tu
122 2296 204 2363 fecie
229 2318 280 2363 me
302 2296 435 2381 quidem
457 2298 570 2363 uiuere
591 2303 630 2362 ut
650 2318 737 2362 nunc
758 2297 867 2376 uelim,

55 2403 156 2481 Quom
176 2405 258 2471 mihi
280 2410 314 2470 te
337 2406 415 2472 licet
435 2412 581 2490 tangere.
629 2404 671 2470 Ut
692 2407 748 2470 uix
770 2405 850 2471 mihi

54 2511 156 2580 Credo
179 2535 240 2598 ego
263 2513 334 2596 hcc,
356 2521 390 2580 te
413 2521 534 2580 tenere.
580 2513 732 2584 Obsecro.
756 2515 963 2598 amplectere.
1122 2531 1174 2584 245

54 2619 131 2705 Spes
153 2643 239 2703 mee,
263 2629 302 2688 ul
323 2645 374 2688 me
398 2625 542 2690 emnium
564 2624 630 2688 iem
652 2622 802 2689 laborum
824 2623 931 2690 leues!

503 2780 716 2845 Palaestra

56 2886 199 2972 Occupee
222 2889 404 2975 praeloqui,
429 2911 514 2974 quae
537 2889 748 2954 meseratio,

56 2993 146 3062 Nunc
166 2996 259 3062 abire
282 2997 357 3064 hinc
381 2999 477 3064 decet
496 3020 568 3064 nos.

497 3153 726 3234 Ampelisca

613 3262 683 3340 Quo
706 3259 825 3326 emebo
846 3259 992 3327 ibimus?

504 3441 720 3508 Palaestra

63 3545 151 3616 Litus
171 3550 234 3618 hcc
256 3571 501 3636 persequemur.

498 3721 728 3804 Arcpelisca

555 3831 681 3914 Sequor
704 3851 768 3915 quo
791 3828 891 3895 lubet.

504 4007 717 4074 Palaestra

67 4111 162 4183 Sicine
182 4120 235 4186 hic
258 4139 332 4185 cum
354 4119 458 4184 uuida
479 4125 570 4183 ueste
594 4116 840 4200 greseebimur?
1125 4129 1177 4182 250

76 4271 256 4284 Q*—

143 4359 188 4413 243
206 4365 238 4414 ut
255 4359 353 4414 uiuere
421 4360 471 4412 244
489 4357 577 4428 Quem
648 4353 847 4412 melocineo
914 4355 964 4408 247
983 4355 1056 4406 meet
1125 4352 1177 4405 250

69 4437 144 4496 ffiec
204 4447 369 4502 uiuoaueete

937 4545 972 4602 70
