2928 4996
565 478 597 533 V.
616 477 759 532 tlt-tut.
989 473 990 476 '
1165 480 1224 543 631

101 667 248 732 morem“.
309 673 401 745 Quem
429 675 522 731 secuti
550 691 604 731 nou
634 674 757 750 propius
786 693 803 730 a
830 671 932 731 codd.:
968 666 1041 747 Ipse
1065 667 1121 732 tibi
1141 667 1230 732 mille

93 789 234 851 pascum
252 769 408 851 00000010
430 789 544 848 morae,
568 774 604 832 cf.
629 775 700 835 835.
725 774 763 833 ad
785 774 877 833 llere.
903 777 973 834 695.

192 879 262 938 332.
286 876 463 956 Astaphium
487 877 575 950 abiit;
598 875 775 936 Diniarchuu
798 882 894 936 restat
917 878 1006 936 uolua.
1054 876 1131 951 „sed
1155 877 1227 955 quid

99 981 153 1038 hic
174 976 265 1040 haec“
295 981 361 1039 uult
389 979 523 1038 Mueller.
547 979 671 1040 Prcuod.
695 1001 724 1058 p.
749 981 820 1039 302.
844 1008 887 1020 -
916 973 983 1039 Sed
1003 979 1116 1052 autem,
1139 999 1167 1040 v.
1191 981 1228 1038 ad

100 1082 182 1142 Rud.
207 1085 278 1143 461.
303 1111 344 1124 -··
368 1083 438 1141 333.
464 1077 792 1157 praestolaturum.
815 1101 871 1160 pm,
900 1082 936 1142 cf.
960 1083 1028 1141 Ter.
1051 1081 1127 1141 Eun.
1152 1084 1227 1142 975:

103 1185 218 1258 „Quem
241 1187 434 1264 praestolare,
456 1185 611 1258 Parmeno,
635 1185 682 1244 bic
705 1191 774 1244 aute
797 1180 937 1257 cutium“,
961 1185 999 1244 ad
1023 1204 1110 1261 quem
1133 1186 1228 1245 locum

100 1287 240 1348 Douutue
262 1289 388 1347 miratur
409 1290 608 1347 accusativum
631 1289 710 1366 puni,
733 1307 792 1346 non
817 1288 950 1347 dativum
968 1293 1003 1346 ut
1020 1286 1080 1346 cio.
1099 1285 1187 1346 Catil.
1205 1285 1229 1360 Ι,
1318 1290 1323 1300 ’

101 1393 141 1463 9,
167 1392 217 1450 24.
271 1389 369 1449 Etiam
398 1388 470 1450 Ome.
498 1391 531 1449 B.
561 1389 623 1451 civ.
647 1389 691 1463 Π,
722 1389 778 1450 23:
816 1391 923 1464 „huius
954 1389 1115 1449 aduentum
1142 1410 1230 1468 prae-

101 1488 251 1554 000002
275 1521 317 1533 -
341 1494 411 1552 334.
434 1487 686 1568 iltumatudent,
717 1511 745 1551 v.
769 1493 808 1552 ad
830 1491 894 1552 Mil.
922 1494 1011 1552 1429.
1035 1521 1078 1533 —·
1099 1488 1232 1552 uolturti
1259 1488 1261 1492 ’

103 1592 281 1657 1000100001.
305 1615 350 1673 pr.
396 1595 470 1653 Plin.
495 1596 531 1654 Η.
555 1595 591 1654 N.
614 1595 657 1668 X,
690 1597 743 1655 19:
781 1595 966 1668 „Umbricius
990 1595 1178 1672 haruspicum
1200 1599 1231 1654 in
1328 1633 1331 1641 ·

101 1704 208 1760 nostro
236 1717 309 1757 aevo
337 1700 534 1776 peritissimus
565 1693 728 1774 (vultures)
756 1697 850 1757 tradit
873 1697 975 1757 triduo
998 1702 1067 1756 unte
1090 1697 1231 1756 advolare

102 1802 157 1870 ubi
180 1802 325 1864 cadavera
346 1802 449 1859 futura
471 1795 561 1861 aint“.
585 1801 622 1862 cf.
639 1801 728 1879 Apul.
747 1801 834 1877 Apol.
855 1802 909 1860 57:
936 1802 1048 1874 „vincit
1068 1803 1231 1876 nugacitate

103 1905 250 1965 adorandi
273 1923 360 1963 cauea
384 1910 415 1962 et
433 1900 610 1963 vulturioe“.
632 1933 668 1944 -
689 1906 760 1966 335.
784 1900 823 1964 de
840 1899 931 1980 quoio
948 1923 1004 1963 em.
1018 1901 1124 1980 Bergk.
1138 1901 1230 1961 Beitr'.

102 2006 136 2086 p'.
149 2009 199 2079 60,
222 2006 258 2064 cf.
272 2005 360 2065 Poen.
377 2007 451 2067 534:
478 2007 533 2081 „de
556 2009 646 2084 quoio
670 2003 798 2066 ederie“.
844 2001 932 2067 esuri
955 2004 1001 2064 ed.
1023 2026 1068 2083 pr.
1096 2035 1132 2045 -
1159 2007 1231 2066 336.

101 2101 206 2169 Illum
226 2103 352 2168 inhiaret
374 2107 419 2169 ed.
432 2129 477 2186 pr.
500 2137 537 2150 -
556 2103 616 2184 itti,
639 2111 659 2169 i.
673 2090 763 2169 eillo
785 2108 859 2182 loco,
883 2109 919 2168 cf.
933 2095 1040 2168 Pseud.
1063 2110 1119 2167 ³4:
1147 2109 1232 2182 „istic

104 2233 189 2270 meus
213 2213 328 2270 animus
350 2231 428 2272 nunc
450 2218 589 2284 cetron
610 2212 642 2270 in
663 2209 816 2289 pectcrc“.
841 2241 883 2253 -·
912 2213 982 2272 337.
1012 2205 1113 2272 0010010
1135 2211 1231 2286 Bugg.

103 2318 182 2375 Anu.
212 2313 535 2394 phi1.cv11p.·409.
590 2309 749 2390 reapt'et'et,
784 2315 996 2388 Phronesium
1033 2309 1228 2393 ,0000101000ιε

105 2419 202 2476 voluit
223 2418 268 2476 Fl.
292 2447 335 2458 ·-
364 2413 447 2490 „eet“
472 2435 530 2475 cm.
553 2417 599 2476 ed.
622 2437 685 2493 pr.;
716 2417 795 2477 Cam.
822 2413 931 2490 „iete“.
960 2447 1003 2457 —
1033 2419 1104 2478 338.
1132 2410 1234 2492 Quam

104 2516 137 2581 si
159 2519 413 2598 pronuntiandum
439 2514 574 2596 „quaai“,
602 2539 631 2578 v.
655 2520 693 2578 ad
716 2521 797 2578 Triu.
823 2521 894 2578 267.
947 2514 1059 2580 abhinc
1086 2519 1232 2580 Fleckeia

105 2625 184 2682 Anu.
208 2622 246 2681 01
268 2642 297 2701 p.
323 2624 398 2694 017,
422 2622 577 2682 08300010.
592 2625 662 2682 385.
692 2622 757 2682 000.
772 2625 820 2683 39.
849 2623 1025 2682 31000484.
1055 2622 1146 2683 Stich.
1162 2625 1231 2683 140.

105 2755 150 2768 -·
173 2727 245 2785 339.
280 2719 322 2788 Ut
341 2739 408 2783 rem
428 2739 556 2786 0000000
577 2725 710 2785 scudem.
766 2739 865 2786 00000
888 2725 935 2786 eet
955 2724 1070 2784 Cemer.
1098 2755 1134 2764 —
1160 2727 1231 2786 340.

104 2823 224 2904 plector
252 2829 298 2886 ed.
326 2847 388 2904 pu,
422 2828 458 2886 cf.
487 2827 581 2906 Gepp.
605 2827 690 2887 Stud.
713 2829 727 2888 l
754 2848 784 2905 p.
811 2829 880 2888 108.
919 2827 986 2887 Ter.
1011 2827 1129 2910 l’horm.
1155 2829 1231 2886 22οε

109 2930 195 3005 „Ego
216 2930 332 3009 plectar
353 2927 517 3006 peudeue“.
541 2932 578 2990 al.
605 2959 642 2972 -·
667 2929 875 3008 acceperam,
900 2931 935 2990 cf.
950 2933 999 2990 63.
1022 2959 1065 3000 r-
1089 2931 1159 2990 341.
1182 2925 1232 2989 ob·

111 3027 277 3109 0199121001.
289 3053 335 3110 pr.
347 3063 390 3072 -
403 3034 473 3092 345.
498 3026 546 3095 'Ut
560 3029 657 3107 22100,
679 3036 755 3112 παρὰ
772 3035 949 3112 προσδοκίαν,
971 3052 1000 3092 v,
1014 3032 1051 3090 ad
1063 3035 1146 3092 Asin.
1160 3033 1232 3091 877.

107 3135 168 3195 Sed
192 3135 240 3194 hic
261 3135 454 3210 Diniarchue,
484 3137 568 3212 quasi
584 3155 649 3196 ¹non
679 3137 734 3196 hac
756 3137 888 3197 clausula
910 3141 975 3195 tota
997 3137 1143 3194 sententie
1165 3155 1231 3214 per

107 3243 194 3311 iacet,
227 3243 326 3297 tamen
358 3240 458 3315 pergit
484 3245 518 3297 ut
546 3241 712 3315 inceperat,
746 3259 778 3298 ee
806 3259 855 3298 ece
883 3243 935 3317 qui
962 3258 1041 3298 nuuc
1069 3241 1233 3316 nequitiam

107 3359 190 3400 auam
213 3341 335 3418 culpent
357 3341 567 3415 refutaturum,
591 3342 674 3418 quod
696 3361 766 3401 vere
789 3343 932 3400 comicum
956 3346 1009 3416 eat,
1031 3361 1088 3401 nec
1110 3341 1232 3418 probari

107 3449 210 3521 puteat
231 3442 362 3502 Goelleri
384 3447 533 3503 sentent-ia
554 3465 581 3503 r.
607 3446 667 3505 346
692 3451 757 3504 ante
782 3447 842 3505 344
865 3445 1011 3522 ponentis.
1044 3472 1081 3485 -
1112 3441 1173 3516 000,
1204 3464 1232 3502 v.
1325 3501 1327 3508 ⁴

110 3545 334 3604 0111100017.
364 3575 405 3586 -
434 3548 504 3606 346.
534 3540 765 3620 confutarem
787 3546 868 3610 cam.
899 3577 934 3587 -
966 3547 1037 3606 341.
1067 3545 1233 3606 aestuosas

96 3643 210 3709 'secto
226 3646 323 3720 Both„
347 3649 382 3706 cf.
400 3648 506 3709 Bacch.
526 3650 602 3710 468:
631 3669 726 3727 „quae
748 3669 901 3708 acerrume
923 3655 1061 3708 aestuosa
1083 3647 1232 3722 obsorbet,

108 3750 161 3808 ubi
184 3769 332 3827 quemque
354 3750 486 3828 attigit“.
521 3781 562 3792 —
596 3753 666 3810 348.
690 3747 777 3811 intra
798 3752 845 3810 ed.
870 3771 915 3828 pr.
959 3744 1120 3828 petstthS,
1144 3770 1170 3809 v.
1196 3751 1234 3811 ed

109 3847 176 3910 Aul.
204 3853 273 3912 104.

196 3957 267 4014 350.
290 3949 438 4030 uoluptas
450 3959 486 4016 A.
506 3986 543 3999 -
568 3949 639 4018 Uer.
667 3956 758 4030 „Cum
781 3977 851 4017 vere
873 3963 1067 4035 eomparatur
1088 3957 1182 4017 amica
1198 3962 1234 4015 ut

113 4077 226 4132 „meum
250 4057 419 4118 verculum“
450 4063 481 4118 in
511 4059 664 4119 blanditiis
694 4068 741 4118 eat
763 4059 828 4119 ees.
854 4061 924 4119 770.
969 4059 1042 4119 Cum
1065 4078 1134 4119 vere
1157 4077 1233 4119 ccm-

110 4166 196 4237 puret
218 4159 321 4220 Horat.
345 4160 441 4221 Germ.
464 4160 514 4234 IV,
540 4165 567 4234 5,
592 4163 609 4220 6
634 4163 748 4221 uultum
770 4156 926 4221 (lauarie“.
951 4161 1001 4239 Sp.
1032 4192 1072 4202 -
1101 4163 1171 4221 351.
1200 4161 1237 4220 ut

110 4257 170 4321 olet
191 4263 226 4320 A.
270 4256 372 4323 nitide
394 4259 479 4324 nitet.
506 4264 556 4341 sp.
581 4270 735 4343 comparet
757 4265 864 4323 Pseud.
891 4265 987 4324 1300:
1015 4264 1151 4338 „madido
1172 4282 1232 4321 me-

112 4359 227 4424 deam“.
250 4365 458 4426 001000.-
477 4359 719 4442 352.0’01100100,
743 4365 780 4426 01.
793 4366 889 4425 (10101.
905 4368 954 4440 22,
979 4367 1031 4425 14;
1057 4365 1234 4440 „infacetior
