2890 5004
267 475 329 536 456
779 467 873 520 Persa.

266 667 369 742 priora
396 683 455 723 uon
483 667 519 721 ut
539 662 745 740 superioribus
768 660 933 720 editoribus
956 661 1067 732 Toxili,
1100 659 1152 717 sed
1174 659 1384 738 Sagaristionis

267 767 424 837 videntur,
459 764 519 824 haec
542 771 640 823 autem
663 765 774 838 Toxili,
809 767 861 841 qni
883 783 989 840 quum,
1024 765 1048 822 ei
1078 763 1145 821 leno
1175 763 1283 840 dignus
1313 774 1386 823 esset

269 871 319 948 qui
343 869 533 939 illuderetur,
565 868 600 925 de
629 889 687 945 quo
716 887 774 926 uon
804 865 975 939 dubitabat,
1010 885 1041 924 so
1064 885 1122 924 non
1143 869 1254 924 morari
1276 867 1386 943 signifi·

268 978 363 1046 caret,
396 971 598 1030 Lemniselene
627 990 658 1028 se
681 972 799 1047 quidem
823 989 882 1029 non
906 969 1010 1028 decere
1033 969 1075 1026 ait
1097 968 1157 1026 tale
1179 970 1254 1046 qnid
1275 970 1385 1030 fecere:

269 1095 333 1152 quae
355 1075 551 1135 contradictio
574 1073 710 1132 Toxilum
733 1080 819 1132 tanto
841 1075 934 1150 magis
957 1077 1121 1149 exasperat.
1176 1071 1262 1144 Ideo,
1294 1075 1388 1148 inquit

268 1179 390 1250 ironice,
414 1180 441 1234 oi
463 1178 560 1260 faves,
578 1177 648 1253 quia
670 1197 715 1235 me
738 1170 968 1247 inconciliauit,
992 1177 1011 1233 i.
1036 1195 1061 1232 e.
1085 1177 1116 1232 in
1138 1176 1293 1251 angustias
1317 1196 1387 1234 com·

268 1280 363 1358 polit,
397 1299 425 1338 v.
449 1279 486 1338 ad
508 1279 614 1338 Bacch.
640 1281 714 1352 549,
749 1298 838 1357 quum
867 1284 897 1335 te
927 1297 1062 1336 emerem.
1118 1278 1220 1355 Itaque
1252 1284 1307 1336 aut
1330 1299 1387 1336 curn

268 1382 379 1441 Weiaio
405 1375 500 1454 ,non“
525 1381 682 1442 delendum
705 1389 763 1455 eet,
788 1387 854 1455 aut,
877 1383 901 1438 si
925 1381 1068 1457 quiahoc
1091 1381 1215 1452 mavult,
1256 1379 1339 1453 „Eo“
1363 1391 1386 1438 et

272 1480 392 1563 „quia“.
436 1499 527 1562 quom
549 1499 629 1560 cmc,
663 1506 690 1544 v.
715 1485 752 1544 ad
776 1484 881 1560 Amph.
907 1484 978 1542 861.
1008 1513 1050 1525 -
1079 1485 1149 1543 831.
1178 1483 1305 1542 Toxilus
1329 1505 1386 1542 eam

269 1592 353 1646 vetat
385 1588 442 1646 sihi
476 1592 580 1645 contra
612 1588 719 1647 dicere.
781 1586 890 1646 Versus
923 1605 1011 1644 causa
1044 1585 1079 1646 R.
1118 1585 1202 1660 „Non
1237 1595 1384 1645 attamen·

268 1693 404 1768 scripsit,
433 1691 486 1749 sed
512 1685 613 1763 „Non“
645 1693 687 1749 sic
715 1711 774 1750 non
790 1689 959 1749 dicebatur.
1012 1689 1207 1748 Scribendnm
1236 1696 1290 1748 ant
1314 1686 1387 1749 Noli

270 1799 323 1852 aut
353 1789 478 1867 ,Nolo“.
512 1821 554 1832 --
589 1795 659 1853 832.
692 1794 765 1852 Post
796 1789 877 1852 dicto
910 1793 1025 1866 hiatur,
1059 1794 1116 1852 nisi
1149 1813 1212 1851 oum
1242 1793 1279 1852 R.
1312 1815 1387 1867 „aare

270 1892 457 1955 audientem“
492 1895 612 1956 scribas.
647 1926 689 1936 -
721 1889 852 1973 absque,
888 1915 915 1954 v.
946 1897 984 1955 ad
1005 1896 1111 1955 Bacch.
1134 1898 1207 1955 409.
1242 1923 1286 1936 -·
1321 1899 1387 1956 833.

269 1994 387 2074 faceret
408 2019 464 2076 pro
485 1999 606 2057 fecisset
627 2000 675 2057 vel
696 2000 831 2058 facturus
854 2004 925 2073 erat,
948 2019 976 2056 v.
1001 1999 1037 2056 ad
1060 1998 1146 2075 Gapt.
1166 2000 1238 2058 532.
1258 2029 1302 2039 —
1317 2015 1387 2074 pro-

269 2095 419 2161 stibulum
441 2103 561 2179 scripsi,
592 2105 761 2181 superiores
786 2099 1036 2182 „prostibulam“3
1069 2100 1104 2160 R.
1129 2121 1194 2159 cum
1217 2101 1241 2158 B
1268 2105 1387 2179 „prosti-

271 2201 390 2278 bilem“,
414 2225 503 2283 quam
525 2205 648 2263 formam
671 2225 708 2263 ne
731 2207 797 2282 quis
815 2205 904 2264 Stich.
919 2207 979 2264 763
1002 2207 1082 2263 tueri
1102 2209 1197 2282 putet,
1221 2204 1274 2262 ille
1290 2225 1387 2262 verear

270 2310 375 2366 misere
398 2313 556 2385 corruptus
579 2313 637 2382 est,
667 2309 870 2384 aprostando
899 2313 997 2366 autem
1025 2309 1193 2366 necessario
1219 2309 1388 2383 prostabilis

270 2409 456 2469 formandum
480 2415 554 2470 erat.
578 2441 620 2450 -
635 2407 820 2487 propediem
843 2411 888 2470 ed.
912 2431 958 2489 pr.
989 2439 1029 2450 -
1061 2411 1131 2468 836.
1167 2403 1217 2468 Ni
1238 2405 1269 2468 ei
1290 2404 1389 2483 offecit

271 2512 413 2585 Weisius,
443 2533 533 2589 quum
555 2513 681 2572 Pistoris
714 2513 769 2586 „Ni
791 2514 837 2573 illi
860 2509 927 2572 off.“
952 2515 1121 2573 invenisset.
1168 2510 1311 2570 Condicio
1334 2517 1386 2572 iarn

271 2616 361 2674 semel
388 2637 415 2674 v.
441 2617 501 2675 834
530 2619 627 2694 posita
654 2619 801 2695 repetitur
830 2623 864 2675 ut
892 2636 970 2695 saepe
1003 2617 1081 2695 apud
1109 2615 1264 2688 Plautum,
1299 2639 1327 2674 r.
1356 2617 1389 2673 ad

271 2719 360 2796 Epid.
383 2721 451 2779 170.
476 2719 513 2776 cf.
531 2719 596 2778 Mil.
615 2722 686 2779 513.
710 2719 801 2778 Stich.
821 2721 892 2779 465.
916 2719 997 2778 Trin.
1019 2719 1088 2778 838.
1134 2717 1201 2777 Non
1224 2724 1270 2776 est
1291 2721 1387 2796 igitur,

272 2822 350 2900 quod
385 2843 449 2880 cum
477 2823 511 2881 R.
541 2823 619 2882 hunc
651 2841 768 2880 versum
798 2821 983 2882 antecedenti
1014 2827 1238 2898 anteponamus.
1263 2851 1305 2862 -
1333 2823 1387 2880 838

151 2947 156 2956 ’
271 2926 306 2984 R.
330 2945 395 2984 cnm
419 2926 553 2986 Acidalio
576 2927 675 2986 versui
699 2928 760 2985 834
784 2927 963 3004 anteposuit,
987 2944 1046 2984 non
1068 2927 1244 2984 necessario.

358 3031 417 3089 839
442 3050 504 3106 sqq.
529 3031 643 3088 numeri
666 3031 758 3104 magis
781 3030 872 3102 rarii;
895 3030 1024 3105 primum
1047 3029 1201 3104 anapesti,
1223 3027 1387 3105 etquidem

273 3133 418 3191 839-44
442 3134 588 3191 octonarii
611 3151 675 3191 cum
699 3133 845 3206 clausola,
874 3137 937 3190 tum
962 3135 1089 3205 systema
1111 3131 1302 3214 trochaicum,
1334 3133 1386 3188 845

272 3236 458 3308 octonarius,
499 3235 559 3294 846
593 3236 740 3308 senarius,
779 3236 839 3293 847
874 3233 1056 3306 octonarius,
1105 3235 1165 3292 848
1199 3236 1385 3311 septenarius,

272 3339 332 3397 849
355 3338 497 3397 iambicus
520 3339 706 3414 octonarius,
731 3339 877 3397 851—52
901 3337 1044 3396 trochaici
1067 3339 1239 3413 septenarii.

358 3443 428 3500 839.
451 3441 559 3500 Primoe
581 3443 661 3500 vocis
683 3443 864 3519 principium
887 3442 997 3498 iniuria
1020 3441 1209 3517 absumptum
1233 3439 1383 3498 Lambinus

272 3547 405 3603 restituit
428 3540 606 3620 ‚‚graphioe“
632 3544 771 3616 scribens,
790 3538 996 3621 perprophice
1018 3542 1129 3620 Speng.
1145 3541 1383 3602 Refo'rmsorschl.

271 3668 300 3724 p.
326 3649 400 3720 392,
436 3649 471 3706 cl.
496 3648 577 3707 Trin.
604 3649 693 3707 1139.
739 3647 835 3706 Cam:
873 3646 949 3720 „Pro
977 3641 1075 3704 hisoe“
1106 3647 1275 3724 scripserat
1328 3645 1382 3703 Nor

273 3745 338 3808 loco
351 3751 457 3824 solum,
476 3749 527 3809 sed
540 3752 628 3809 etiam
641 3745 750 3810 sedulo
766 3750 900 3808 ultimam
918 3751 1052 3828 corripit.
1070 3777 1112 3788 -·-
1132 3751 1203 3807 848.
1227 3744 1310 3826 quod
1324 3745 1381 3805 Ald.

273 3882 314 3892 -
330 3847 421 3912 Heras
443 3854 484 3912 id.
502 3883 544 3894 —-
562 3854 633 3912 841.
658 3851 706 3912 eat
728 3845 893 3913 Dordalus
916 3851 1051 3912 Mueller.
1074 3871 1104 3928 p.
1123 3852 1195 3910 410.
1218 3881 1254 3891 -
1281 3845 1381 3911 liberae

272 3956 407 4015 nltimam
431 3959 563 4034 corripit.
592 3987 634 3996 -
665 3957 736 4016 842.
769 3950 855 4032 Quae
882 3951 956 4016 haec
975 3971 1027 4014 res
1050 3948 1118 4015 est?
1147 3953 1262 4014 Ritsch.
1285 3953 1380 4032 Opusc.

273 4059 316 4117 111
333 4078 361 4135 p.
379 4061 452 4118 129:
480 4059 579 4132 ,Quae
601 4054 672 4118 res?
696 4060 723 4118 ei
745 4055 802 4118 ei“.
841 4057 955 4117 Deinde
972 4060 1051 4119 idem
1072 4059 1249 4136 „colaphum
1267 4060 1306 4116 mi
1321 4059 1378 4114 icit‘

272 4161 339 4220 coll.
364 4162 431 4220 Ter.
445 4164 500 4222 Ad.
517 4166 591 4224 199:
618 4163 776 4241 „colaphos
793 4162 916 4236 infregit
933 4160 1035 4220 mihi“.
1075 4160 1163 4220 Prius
1182 4181 1248 4220 cum
1262 4160 1380 4220 Acidalio

272 4260 403 4341 colapho
430 4281 479 4325 me
501 4268 670 4344 scripserat.
702 4295 740 4306 -
777 4266 847 4324 843.
886 4259 1061 4342 ,peruellit“
1086 4283 1211 4342 pravum
1234 4271 1295 4337 est;
1326 4281 1380 4320 nen

273 4371 409 4429 etiamsi
432 4388 534 4428 rerum
561 4376 647 4442 esset,
681 4367 760 4446 apud
790 4367 982 4426 Athenienses
1010 4367 1164 4427 adulteros
1193 4367 1379 4445 deprehensos
