2928 4996
254 465 316 526 608
371 418 373 423 Ι
716 460 910 516 Truculentus.

253 654 291 714 ad
307 655 474 730 Sicyonium
496 655 625 712 ciusdem
643 663 753 732 postas,
777 656 942 714 Schoallius
958 655 1119 733 quidquam
1138 661 1252 734 praeter
1268 658 1375 714 inanes

253 760 437 816 coniecturas
460 757 659 834 protulerunt.
709 757 813 817 Sonam
836 759 975 818 Plautum
997 759 1074 816 hanc
1095 761 1249 836 scripsisse
1271 758 1377 817 Cicaro

250 867 378 919 testatur
400 858 464 919 Cat.
488 861 555 918 mai.
582 863 634 927 14,
665 861 719 933 50,
754 881 807 919 nac
835 860 998 920 abhorrent
1025 881 1091 938 qus
1121 862 1150 920 in
1179 863 1247 938 ipsa
1273 861 1378 920 fabola

251 964 441 1021 inveniuntur
462 965 606 1039 temporis
628 963 763 1039 vestigia.
818 963 894 1022 Nam
917 983 944 1020 r.
968 965 1028 1022 481
1061 963 1162 1038 „falsis
1185 964 1222 1022 de
1245 966 1373 1040 pugnis*

251 1066 290 1124 ad
312 1065 432 1124 Catonis
454 1067 618 1124 orationem
649 1085 674 1122 a.
702 1067 761 1124 190
784 1066 915 1126 habitam
938 1066 1043 1125 referri
1071 1073 1186 1144 potest,
1217 1073 1249 1124 ct
1271 1086 1301 1123 v.
1327 1069 1375 1134 77,

189 1151 191 1156 ¹
256 1167 316 1242 ,Rc
338 1168 455 1246 placida
478 1173 568 1244 atque
590 1169 687 1226 otiosa
701 1169 791 1228 uictis
808 1165 973 1237 hostibns“‚
996 1175 1066 1245 post
1084 1169 1193 1226 bellum
1210 1169 1375 1226 Antioche·

252 1289 321 1329 nam
340 1270 541 1329 ctAEtolicum
558 1269 675 1328 finItum
692 1271 820 1348 scriptus
837 1270 965 1329 videtur.
1010 1269 1111 1330 Cicero
1129 1273 1217 1330 etiarn
1237 1271 1376 1329 Plautum

253 1374 307 1431 hac
330 1373 431 1430 labula
452 1373 640 1431 vehementer
662 1375 795 1445 gavisum
825 1394 888 1432 esso
915 1375 1096 1450 suspicatur;
1131 1393 1166 1432 ac
1193 1393 1264 1432 sane
1285 1381 1377 1450 turpe

253 1475 327 1535 illud
359 1481 566 1551 argumentum
604 1477 761 1553 perspicus
794 1477 960 1555 explicatur
993 1495 1148 1553 moresque
1180 1495 1376 1554 personarum

252 1580 326 1637 varii
349 1580 460 1655 optime
483 1581 659 1656 pinguntur3
689 1577 741 1636 sed
771 1578 879 1638 tostire
906 1579 959 1639 illa
980 1579 1125 1652 hilaritas,
1148 1598 1237 1654 quam
1260 1580 1290 1636 in
1315 1580 1377 1655 ple

252 1685 351 1759 risque
380 1679 477 1739 Plauti
505 1680 613 1739 fabulis
642 1679 837 1753 admiremur,
869 1683 916 1741 hic
943 1683 1030 1740 nimis
1062 1700 1141 1759 saepe
1174 1679 1374 1740 desideratur.

253 1784 310 1856 Qui
339 1790 452 1854 autem,
486 1783 555 1860 quia
582 1801 687 1859 parurn
715 1785 871 1860 aqualiter
899 1791 1104 1862 argumentum
1133 1786 1170 1842 iis
1203 1788 1376 1860 expositum

253 1887 422 1956 videbatur,
455 1885 585 1944 fabulam
613 1906 649 1944 ex
671 1885 786 1950 duabus
808 1885 918 1945 (lraecis
940 1889 1187 1958 contaminatam,
1220 1895 1256 1945 ut
1280 1887 1376 1946 Lade·

252 1992 370 2066 wigius,
398 1995 451 2045 aut
479 1991 690 2046 retractatione
717 1992 747 2046 in
775 1989 896 2050 brevius
926 1997 1107 2049 contractam
1130 1997 1321 2063 censuerunt,
1344 1999 1375 2047 nt

254 2091 426 2151 Reinhordt.
456 2093 486 2148 ln
514 2089 644 2149 Studem.
668 2089 753 2150 Stnd.
777 2091 789 2148 1
817 2113 846 2169 p.
871 2095 926 2164 93,
951 2093 1097 2152 Daiatako
1124 2095 1155 2150 in
1178 2092 1256 2150 Ilius.
1280 2093 1374 2150 Rhen.

252 2194 353 2254 XXIX
374 2213 404 2272 p.
430 2194 482 2266 59,
518 2193 584 2262 alii,
618 2193 692 2250 nihil
714 2196 770 2252 nisi
793 2195 872 2254 loves
894 2197 1075 2273 suspiciones
1105 2195 1286 2266 attulerunt,
1323 2215 1374 2252 nac

251 2297 425 2375 Spengelius
448 2295 574 2372 probare
596 2297 705 2373 potuit,
728 2298 809 2355 tertii
833 2307 864 2356 et
880 2299 978 2374 quarti
997 2305 1081 2357 actus
1098 2300 1238 2356 maiorem
1255 2304 1372 2374 parte·

251 2400 446 2471 intercidisse,
469 2417 495 2455 v.
520 2397 557 2454 sd
580 2418 605 2455 v.
632 2400 702 2456 659.
752 2398 832 2459 lllud
854 2407 994 2478 apparet,
1022 2401 1215 2480 archetypum
1237 2401 1372 2460 codicum

251 2501 308 2574 BG,
330 2501 377 2559 vel
399 2502 499 2577 potius
521 2501 604 2558 illum
628 2501 765 2574 codicem,
794 2503 871 2560 unde
894 2505 919 2562 is
942 2501 1108 2580 descrIptus
1131 2509 1184 2574 ast,
1208 2504 1252 2559 ita
1274 2503 1372 2561 humi·

252 2604 375 2662 ditatam
398 2608 451 2660 aut
473 2602 560 2660 aliam
583 2604 722 2662 iniuriam
745 2613 903 2682 expertum
925 2625 998 2677 esse,
1021 2615 1055 2664 ut
1076 2624 1135 2664 non
1153 2605 1236 2662 nulla
1253 2605 1373 2664 omnino

252 2727 310 2764 non
333 2706 516 2780 legerentur,
547 2706 679 2781 quedam
709 2713 770 2766 tam
793 2705 962 2782 difficulter,
984 2713 1018 2766 ut
1038 2707 1246 2767 tantummodo
1268 2707 1375 2766 umbra

251 2809 384 2886 quedam
409 2811 483 2881 eius,
505 2807 584 2884 quod
609 2829 625 2865 a
647 2807 754 2867 Plauto
776 2811 918 2887 scriptum
942 2817 1019 2882 erst,
1043 2811 1082 2869 ad
1104 2830 1158 2868 nos
1183 2811 1372 2880 traderetnr3

252 2915 415 2988 meritoque
438 2909 623 2970 Camerarius
646 2911 721 2969 hanc
749 2911 878 2978 fabulam
908 2913 1158 2971 mendacissimam
1187 2919 1219 2970 et
1244 2913 1372 2970 laceram

252 3014 289 3072 cd
312 3033 365 3072 nos
386 3014 555 3092 pervcnIsse
578 3013 722 3090 queritur.
770 3013 843 3088 „Est
865 3013 982 3074 autcm“
1008 3016 1107 3093 inquit
1131 3017 1193 3088 ,ita
1209 3015 1373 3092 depravata

251 3127 282 3174 st
304 3123 445 3193 corrupta
467 3136 484 3172 o
506 3114 649 3186 librariis,
683 3123 717 3174 ut
745 3117 901 3193 aliquoties
928 3117 1019 3176 fuerit
1047 3116 1120 3176 mihi
1152 3119 1183 3174 in
1205 3118 1300 3175 animo
1326 3137 1372 3172 me

252 3220 399 3277 aditurum
423 3237 482 3275 non
505 3237 568 3276 esse
589 3215 698 3276 illam.“
744 3218 849 3296 Itaque
876 3221 1010 3296 quamvis
1032 3239 1091 3278 non
1112 3237 1220 3296 pauca,
1244 3219 1371 3276 maxime

251 3324 343 3401 Ipsius
375 3319 535 3378 camerarii
569 3339 672 3398 opera,
706 3327 839 3380 correcta
873 3329 988 3394 essent,
1028 3328 1128 3380 tamen
1160 3323 1202 3380 ita
1234 3321 1371 3400 deposita

252 3423 408 3482 videbatur
436 3425 507 3481 viris
536 3423 643 3496 doctis,
673 3430 708 3482 ut
736 3443 801 3482 eam
830 3444 866 3482 ns
889 3425 1054 3502 AEsculapii
1082 3425 1201 3500 quidem
1224 3423 1369 3483 medicina

250 3528 349 3586 sanari
371 3544 457 3602 posse
479 3526 620 3584 dicerent.
671 3525 802 3584 Tandem
833 3532 1003 3603 exoptatum
1026 3527 1170 3584 auxilium
1193 3527 1294 3585 attulit
1315 3547 1367 3603 pa-

250 3629 419 3706 limpsestus
440 3629 662 3701 Ambrosianus,
686 3629 737 3705 qui
759 3630 870 3687 utinam
892 3635 988 3688 totam
1010 3627 1141 3688 fabulam
1159 3629 1364 3687 continuisset!

250 3751 318 3789 nam
342 3735 393 3808 qui
416 3749 492 3790 unus
514 3736 612 3788 exstat
633 3733 805 3806 quaternio,
835 3731 881 3790 vel
909 3733 1008 3809 potius
1036 3737 1098 3789 tres
1126 3736 1227 3808 pertas
1248 3739 1365 3807 qnater·

251 3835 348 3893 aionis
376 3827 415 3908 (r.
440 3831 578 3892 Schocllii
605 3837 719 3912 profot.
741 3853 771 3912 p.
799 3833 856 3892 XII
883 3827 941 3910 sq.)
976 3836 1132 3892 maximam
1162 3839 1277 3910 partem
1308 3833 1364 3910 legi

250 3941 421 4012 potuerunt.
468 3934 519 3992 Hae
541 3937 718 3996 membranas
739 3938 892 3996 continent
914 3955 960 3995 vv.
988 3937 1164 4009 ΙΙΙ-142,
1190 3937 1363 4008 176-315,

252 4039 429 4096 349-387,
474 4038 626 4096 Accedant
647 4045 786 4096 extremae
808 4039 922 4115 pagins
950 4058 1053 4116 paucae
1079 4040 1214 4114 quadam
1242 4038 1363 4108 laciniae,

251 4141 327 4198 unde
355 4139 454 4214 aliqua
484 4143 563 4198 eruli
585 4140 805 4200 Studsmundus
833 4136 873 4215 (v.
897 4141 1047 4218 Spengclii
1070 4141 1116 4198 cd.
1141 4162 1171 4218 p.
1194 4133 1255 4218 X).
1310 4139 1361 4198 Hic

250 4243 369 4302 adiutus
395 4241 535 4300 subsidiis
556 4242 733 4320 Spengelius
759 4265 777 4300 a
803 4244 882 4301 1868
912 4242 1041 4300 fabulam
1063 4244 1108 4299 ita
1130 4242 1239 4316 edidit,
1274 4249 1305 4300 ut
1325 4263 1360 4299 ex

250 4352 335 4422 parte
364 4363 440 4402 nova
467 4343 632 4415 videratur;
665 4345 716 4402 scd
743 4347 878 4420 quoniam
907 4347 937 4401 in
966 4345 1117 4422 plerisque
1147 4345 1219 4402 solis
1242 4345 1359 4402 nitimur
