2890 5004
506 485 538 537 v.
557 486 701 540 ceo-nm
1102 493 1162 554 451

38 684 138 738 tutem
155 677 307 736 vindicet?
327 697 382 737 nec
397 677 493 738 hsbeo
511 697 569 756 quo
593 679 775 738 venditorem
792 699 969 759 persequer3
993 701 1059 740 nem
1077 683 1166 759 longe

39 781 129 841 obiit.
154 811 196 822 -
219 783 290 839 715.
318 777 449 858 17119113,
481 781 516 839 ef.
540 781 629 841 Most.
656 783 746 841 1069.
770 783 817 856 el,
842 781 893 842 scd
919 779 1073 858 „fabulee“
1098 785 1165 845 Ter.

39 883 140 943 Andr.
164 885 237 942 224.
259 913 301 924 --
331 885 401 943 717.
430 879 547 956 sedulo,
571 884 607 945 cf.
632 885 669 942 ad
692 884 777 960 Gept.
802 888 872 944 880.
895 916 937 928 -
961 887 1032 946 718.
1054 882 1165 948 Immo.

40 987 126 1060 Quid
147 988 201 1046 hoc
213 988 370 1064 exceperit,
394 1007 453 1045 non
465 987 570 1064 liquet.
615 985 777 1046 Gulielmus
793 990 902 1062 „Immo
914 985 1022 1048 seruii“
1036 993 1165 1069 scripsit,

39 1091 200 1150 Acidaliae
225 1090 337 1164 „Immo
360 1087 455 1148 serio“
482 1090 612 1149 Dordelo
635 1089 697 1148 heec
719 1091 865 1164 tribuens,
898 1093 949 1152 sed
972 1093 1023 1151 vix
1044 1093 1166 1154 dubium

41 1199 91 1252 est
113 1196 187 1270 quin
209 1192 308 1252 Toxili
336 1196 404 1250 sint.
459 1195 564 1269 ltaque
587 1194 637 1252 R.:
674 1193 785 1268 „Immo
813 1194 983 1270 seruolee“;
1016 1215 1119 1256 verum
1141 1199 1167 1258 si

40 1298 107 1356 haec
130 1296 187 1356 sibi
210 1296 288 1354 dixit
310 1297 431 1355 Toxilus
454 1315 512 1354 non
535 1297 675 1355 audiente
692 1297 805 1373 lenone,
828 1299 929 1374 potius
946 1298 1055 1371 „Immo
1073 1297 1164 1359 mihi“

41 1401 132 1470 dixit,
164 1419 197 1458 ec
219 1400 277 1456 fuit
299 1417 388 1475 quum
412 1401 607 1457 coniicerem:
649 1402 758 1472 „Immo
780 1419 836 1458 usu
860 1397 954 1458 meo“.
1011 1401 1068 1462 Sed
1103 1404 1168 1462 veri

41 1504 172 1562 similius
196 1508 258 1574 est,
289 1502 422 1561 Dordelo
444 1502 507 1560 haec
529 1503 602 1574 dici,
637 1523 730 1580 quere
753 1519 804 1562 ero
826 1519 894 1562 meo
915 1507 1029 1581 scripsi.
1085 1506 1167 1566 Iusto

41 1608 164 1681 longius
192 1627 210 1663 e
237 1605 323 1664 codd.
352 1609 476 1664 recessit
503 1605 657 1681 Ijsendijk.
680 1625 709 1683 p.
734 1609 773 1666 43
804 1607 920 1681 „Nimio
949 1603 1072 1667 sedulo“
1098 1612 1168 1668 scri·

43 1711 129 1769 bens.
162 1739 206 1750 -
239 1711 310 1770 719.
343 1705 449 1782 Attae,
484 1731 511 1768 v.
536 1708 574 1766 ed
596 1710 702 1788 Amph.
727 1713 798 1770 259.
849 1710 924 1769 Dum
953 1711 1021 1770 leno
1049 1713 1169 1771 domum

44 1817 151 1886 intret,
172 1819 207 1871 nt
228 1814 321 1873 servis
343 1813 455 1890 aliquid
479 1813 584 1886 edicet,
607 1813 743 1872 Toxilum
761 1813 844 1872 iubet
862 1815 1004 1890 virginem
1021 1819 1169 1892 tantisper

47 1936 178 1976 servare.

137 2020 207 2078 721.
236 2020 312 2078 Hinc
333 2039 439 2078 novem
463 2039 580 2077 scenam
608 2021 721 2096 incepit
743 2019 880 2093 Bothius,
912 2021 991 2097 quod
1014 2019 1050 2079 Β.
1072 2023 1168 2098 suspi-

46 2130 135 2182 cetur
157 2123 246 2181 etiem
267 2123 295 2181 A
315 2123 457 2196 voluisse,
490 2125 521 2180 in
544 2141 602 2198 quo
631 2127 700 2199 post
723 2124 782 2182 722
806 2125 893 2182 unius
915 2143 1017 2183 versus
1040 2127 1192 2203 spetium

46 2231 147 2285 voest.
172 2255 213 2267 -
238 2228 308 2285 722.
333 2220 456 2285 occasio
478 2219 598 2298 ulcisci,
621 2245 648 2283 v.
672 2225 772 2285 Madv.
797 2225 846 2285 Gr.
870 2227 937 2286 Lot.
963 2227 1024 2285 417
1048 2247 1114 2286 ann.
1140 2229 1168 2287 2.

47 2331 86 2388 cf.
115 2328 234 2401 „lubido
263 2323 324 2388 est“
359 2331 428 2389 122.
461 2331 529 2387 189.
559 2330 630 2388 804.
665 2328 702 2385 ed
731 2327 835 2387 Becch.
860 2329 920 2387 413
952 2334 982 2388 et
1004 2330 1072 2390 Anl.
1098 2331 1169 2390 333.

48 2434 132 2492 Trin.
166 2433 262 2491 1034:
298 2432 467 2505 „licentiam
500 2438 584 2490 scuta
601 2431 713 2490 ‘iecere
746 2427 937 2509 fugereque“.
982 2433 1072 2492 Stich.
1098 2435 1168 2493 388:

52 2537 145 2614 „Spes
172 2537 219 2595 est
248 2530 397 2609 exigere“.
426 2565 469 2575 -—
497 2536 559 2592 724
582 2554 627 2610 sq.
650 2553 741 2610 supi-e
770 2536 831 2594 466
862 2555 905 2612 sq.
934 2536 1011 2594 mele
1039 2539 1169 2614 repetiti.

51 2635 145 2710 Tuom
168 2639 359 2716 interpellsre
378 2641 543 2714 cupientem
562 2637 688 2696 cohibet.
731 2636 810 2696 Com.
830 2637 885 2696 hoc
902 2637 1054 2697 Saturioni
1074 2638 1170 2713 dedit;

48 2742 164 2800 Aeidol.
192 2747 240 2814 „et
261 2739 344 2801 tece“
370 2744 499 2820 scripsit.
526 2772 568 2781 -
591 2743 652 2801 727
675 2761 711 2798 ex
733 2740 760 2798 A
782 2743 913 2799 occessit.

139 2843 210 2904 728.
245 2841 410 2905 urcnsce'di
430 2845 466 2906 A.
490 2876 531 2886 -
556 2845 631 2904 731.
650 2839 747 2903 Boua
769 2839 868 2904 multu
890 2846 925 2917 A,
949 2849 983 2903 ut
1004 2846 1062 2903 iem
1085 2843 1171 2904 Lem·

50 2948 146 3008 binus.
202 2947 338 3008 Mueller.
377 2949 492 3007 confert
521 2951 591 3006 262.
637 2947 728 3006 Poen.
762 2949 851 3006 1214.
897 2947 961 3007 Ges.
991 2950 1061 3007 445.
1092 2950 1170 3007 783:

54 3051 173 3122 „Uenus
195 3053 404 3129 multipotens,
439 3052 532 3109 multa
561 3050 638 3108 bone
666 3049 739 3109 mihi
769 3047 909 3124 dedisti“‚
943 3056 977 3110 ut
1006 3053 1037 3109 in
1060 3053 1085 3109 A
1115 3055 1170 3126 est,

50 3176 142 3232 quum
164 3159 234 3214 cett.
258 3159 397 3232 corrupte
419 3161 453 3213 ut
475 3155 503 3212 h.
527 3155 546 3212 l.
574 3153 698 3227 ,‚bonom
721 3149 845 3213 uitem“.
864 3183 904 3194 —
931 3156 1001 3214 733.
1025 3167 1114 3214 omen
1136 3155 1172 3213 A.

51 3258 143 3318 Omen
165 3279 197 3318 se
220 3260 354 3336 occipere
378 3259 419 3315 eit
441 3263 471 3315 et
492 3256 537 3328 id,
568 3255 648 3333 qnod
676 3257 774 3314 omine
796 3258 1001 3334 portenditur,
1035 3259 1093 3315 ism
1115 3258 1172 3315 fse-

50 3367 161 3420 turum.
216 3354 388 3437 28811αό0,
422 3360 458 3420 ci.
489 3359 552 3418 Cas.
584 3362 662 3419 606:
699 3366 865 3436 „usurpent
892 3380 978 3419 eures
1012 3355 1172 3419 sonitum“.

52 3466 133 3552 Trin.
170 3465 240 3528 846.
290 3464 409 3523 Lucret.
443 3463 472 3535 1,
508 3465 583 3524 301:
627 3457 713 3536 „nec
732 3465 845 3539 frigore
877 3465 995 3541 quimus
1028 3481 1174 3540 usurpare

55 3565 178 3628 oculis“.
202 3569 243 3627 ib.
266 3567 317 3640 IV,
342 3569 412 3626 975.

139 3673 209 3732 735.
232 3665 324 3730 illum
346 3670 440 3744 codd,
465 3673 554 3728 etiem
573 3670 597 3728 B
617 3674 646 3727 et
662 3671 697 3741 A,
721 3689 786 3729 cum
810 3669 893 3728 histo
918 3674 986 3728 ente
1008 3663 1172 3741 hominem,

53 3797 81 3834 1.
103 3774 220 3848 Proleg.
244 3794 274 3852 p.
298 3775 370 3832 221.
405 3805 446 3815 -
480 3767 597 3849 Atque,
626 3772 661 3829 cf.
686 3772 773 3831 Most.
801 3772 896 3832 1108:
935 3773 1050 3848 „Atque
1073 3789 1174 3829 eccum

55 3873 204 3957 optume“.
239 3897 330 3954 supro
352 3876 389 3935 ed
413 3879 483 3935 234.
509 3906 546 3916 -
573 3879 642 3935 737.
667 3869 711 3933 Ei
731 3876 765 3934 A.
812 3875 870 3933 Pro
896 3887 1025 3949 pessum
1047 3873 1172 3933 Schoell.

56 3981 138 4040 Auel.
161 3979 259 4038 Plaut.
283 3999 313 4056 p.
334 3981 373 4038 45
397 3999 442 4056 sq.
466 3979 687 4037 ellitteretionis
711 3995 799 4036 cause
824 3973 978 4051 ‚,persum“
1004 3977 1108 4035 voluit.
1133 4005 1175 4016 —

57 4085 126 4142 738.
154 4079 286 4156 „meust“
311 4082 346 4143 R.
377 4113 419 4122 -
458 4084 528 4141 741.
565 4076 608 4140 Te
629 4096 749 4158 quoque
770 4075 862 4138 etium
884 4077 1002 4154 desum,
1037 4078 1088 4137 ubi
1115 4099 1175 4137 non

55 4187 129 4246 hunc
150 4186 245 4244 solem
266 4187 421 4263 pecuniam
444 4185 591 4256 emiserit,
626 4182 678 4240 sed
709 4184 795 4240 etiem
826 4182 936 4240 iudicio
964 4180 1175 4239 condemnatus

56 4289 146 4366 plegii
168 4307 294 4364 poenam
318 4289 450 4348 subierit.
483 4317 519 4325 -
553 4287 622 4356 742,
647 4284 682 4342 ci.
703 4283 740 4340 ed
758 4282 843 4343 Cure.
865 4287 935 4343 621.
961 4313 999 4325 -
1029 4285 1173 4343 742-45

55 4391 140 4452 offert
163 4389 260 4450 schol.
284 4389 443 4468 Cruquisn.
468 4390 505 4446 od
528 4387 673 4446 Hor.Set.
691 4388 713 4460 l,
738 4386 766 4460 9,
786 4389 836 4446 76.
859 4417 901 4428 -
924 4388 994 4446 743.
1019 4381 1175 4446 illicem.
1214 4477 1220 4490 Ι

922 4498 969 4554 26*
