2920 4998
527 427 558 532 Vi
578 477 722 532 648-687.
1127 484 1187 544 551
1309 519 1311 525 .

55 666 212 730 redeunti
227 672 389 745 Acidaliae,
408 671 488 749 quod
505 691 542 729 ne
556 669 683 730 calidius
701 691 765 730 cum
778 670 813 730 R.
825 671 995 748 receperim,
1013 691 1128 731 vereor.
1149 703 1187 713 -

59 775 138 834 672.
164 768 259 834 Bona
281 787 395 834 scaeua
417 773 592 849 strenaque,
617 794 645 832 v.
658 775 694 832 ad
708 775 778 834 463.
794 801 832 813 —
851 766 977 833 obuiam
992 773 1188 834 camerarius.

157 1083 228 1142 673.
259 1080 454 1160 Stephanium
478 1102 514 1140 ex
536 1081 698 1160 Epignomi
720 1082 832 1141 edibus
854 1083 924 1154 exit,
949 1101 1009 1158 quo
1031 1082 1069 1141 ad
1091 1101 1191 1140 cenam

62 1184 271 1261 appetendam
305 1185 445 1242 arcessita
474 1189 547 1244 erat.
604 1184 786 1262 Septenariis
816 1183 948 1241 iambicis
976 1185 1117 1261 loquitur.
1149 1214 1192 1223 —

64 1288 141 1346 676.
165 1301 241 1346 nam
264 1285 331 1345 add.
355 1286 391 1344 R.
413 1316 456 1327 —
478 1283 634 1364 quoniam,
658 1307 686 1346 v.
710 1285 748 1345 ad
771 1287 855 1346 Asin.
882 1286 951 1345 347.
975 1316 1017 1327 -
1041 1280 1190 1363 67616-

63 1403 179 1448 sarum
211 1388 342 1447 Studom.
370 1389 447 1448 Anu.
476 1390 548 1468 phil.
580 1388 674 1448 cxffl
707 1410 736 1467 p.
768 1390 818 1449 73.
852 1419 894 1428 -
928 1390 988 1448 680
1023 1394 1191 1467 corruptus.

62 1490 237 1550 Edebatur:
266 1496 416 1564 ,ceterum
441 1510 496 1566 ego
518 1491 647 1551 curando
666 1492 697 1550 id
714 1485 883 1567 adlegiet,
906 1489 943 1548 ad
961 1511 1027 1568 quas
1044 1493 1069 1551 si
1085 1487 1188 1564 „eum“

65 1593 190 1666 audias,
217 1613 311 1672 prava
332 1595 479 1653 sententia
501 1595 574 1669 erit,
603 1614 671 1652 nam
694 1593 830 1666 Stichus,
854 1612 912 1651 non
934 1592 1136 1670 Stephanium,
1162 1599 1192 1653 et

63 1698 200 1756 convivii
223 1700 327 1755 auctor
345 1701 391 1755 est
409 1701 439 1754 et
456 1697 535 1754 solus
553 1701 725 1772 opsonatur,
748 1716 775 1753 v.
790 1699 851 1756 440
864 1715 907 1773 sq.
952 1695 1060 1774 Itaque
1082 1717 1136 1755 nec
1156 1697 1191 1757 R.

68 1805 221 1874 „ceterum
232 1799 262 1857 id
281 1799 411 1858 curando
428 1799 556 1876 aliquem
575 1795 729 1875 adlegaui“
751 1798 891 1872 scribone,
915 1797 1100 1858 contincta:
1126 1821 1191 1872 „ce-

66 1911 166 1960 terum
191 1902 321 1961 curando
343 1902 374 1959 id
398 1923 445 1960 me
468 1899 649 1979 adlegauit“,
678 1921 782 1962 verum
803 1904 994 1975 invenerunt,
1028 1921 1095 1959 nam
1120 1899 1187 1976 ,id⁴‘

67 2003 105 2084 66
129 2005 334 2082 opsonandum
357 2003 544 2063 referendum
567 2009 626 2079 est;
654 2005 702 2063 hic
730 2009 895 2064 ceterorum
925 2023 996 2062 cura
1017 2006 1191 2080 requiritur,

68 2127 162 2183 quare
190 2127 248 2166 non
277 2107 381 2167 dubito
409 2109 481 2185 quin
509 2108 642 2167 ceteram
670 2122 725 2184 eqo
754 2121 860 2166 curam
882 2105 1007 2165 Plautus
1029 2109 1190 2185 scripserit.

68 2209 197 2288 Reliqua
218 2212 311 2287 magis
334 2211 433 2268 dubia.
478 2210 645 2286 Adlegandi
666 2210 789 2268 verbum
809 2203 978 2285 (athmph.
997 2211 1068 2269 667.
1102 2211 1191 2288 Epid.

71 2307 145 2388 426)
170 2312 207 2371 ab
231 2312 373 2373 hocloco
396 2313 523 2372 alienum
541 2317 594 2372 est.
639 2312 801 2390 Assumpto
819 2331 856 2369 ex
873 2312 895 2371 C
913 2307 1064 2390 adtiyaui,
1087 2315 1193 2393 scripsi

69 2409 147 2474 miti
169 2431 207 2488 α.,
239 2417 324 2492 quasi
346 2415 418 2474 mihi
441 2417 573 2487 attribui,
597 2415 633 2474 cf.
652 2414 788 2473 Graecum
811 2416 976 2490 περιάπτειν.
1022 2414 1098 2474 Olim
1122 2438 1192 2476 oon·

69 2518 211 2577 iacerem:
238 2523 386 2591 ,ceterum
410 2538 465 2594 ego
489 2538 589 2578 curam
613 2517 692 2576 domi
715 2519 742 2575 ei
766 2513 896 2576 leuaui“.

529 2703 732 2711 ——.....

157 2827 227 2885 682.
262 2825 436 2887 Convivium
463 2849 522 2888 nou
550 2827 581 2885 in
610 2831 736 2904 angusta
758 2826 893 2901 Sangarii
922 2827 997 2886 cella
1024 2826 1192 2899 habebitur,

73 2928 122 2986 666
145 2935 216 2987 ante
239 2930 331 3004 6666,
362 2936 396 2988 66
417 2936 554 3007 spectent
575 2935 769 3006 spectatores.
814 2929 859 2989 Eo
882 2950 913 2990 se
935 2931 1092 2988 conferunt
1114 2931 1193 2986 servi

74 3051 137 3089 oum
164 3032 238 3091 cado
266 3034 328 3092 vini
356 3036 538 3109 ceterisqne;
574 3053 609 3090 ac
641 3051 677 3090 ne
707 3034 780 3109 quid
814 3035 950 3092 convivio
984 3033 1075 3104 desit,
1110 3033 1194 3091 adest

74 3135 160 3194 etiam
189 3128 302 3195 tibicen
328 3135 523 3194 histrionibus
553 3140 690 3207 cantans,
724 3155 810 3212 quem
844 3156 904 3194 nou
936 3141 1099 3212 gravantur
1129 3136 1194 3193 vini

73 3239 243 3312 participem
267 3238 373 3312 faeere,
397 3259 425 3296 v.
449 3239 511 3297 714
535 3244 565 3296 et
587 3241 658 3297 756.
714 3237 884 3296 Trochaicis
906 3239 1084 3316 septenariis
1106 3257 1194 3296 66666

74 3340 183 3416 scripta
204 3344 262 3412 est;
297 3339 362 3412 666,
398 3341 477 3417 quod
500 3339 658 3399 dolendum
682 3344 741 3413 est,
771 3359 829 3398 non
856 3359 951 3417 pauca
979 3340 1070 3398 dubia
1091 3341 1192 3401 habet.

71 3453 224 3516 pompam,
247 3463 274 3502 v.
299 3443 338 3500 ad
360 3442 466 3502 Bacch.
492 3445 560 3502 112.
584 3472 626 3482 —
650 3445 720 3502 683.
748 3435 899 3502 Ome-ibus
920 3437 1025 3501 modis
1048 3447 1136 3501 stiam
1156 3445 1191 3502 Α.

75 3541 107 3601 R.
131 3563 195 3602 enm
218 3545 367 3621 Scaligero
394 3543 613 3618 „Omnimodis“
639 3546 818 3605 Lucretiano
840 3545 994 3606 vocabulo.
1046 3545 1129 3604 Nihil
1151 3549 1193 3605 in-

75 3649 216 3705 tentatum
240 3649 397 3724 relinquet.
422 3679 464 3688 -
488 3649 547 3706 684
572 3647 672 3706 Sticho
692 3648 761 3706 dedi
778 3668 845 3708 cum
864 3648 979 3706 Bothio.
1025 3643 1195 3722 accipimur

76 3753 104 3805 et
123 3745 293 3826 recipimur
314 3750 456 3825 Guietus;
479 3765 571 3828 quom
593 3770 647 3827 pro
668 3747 846 3827 „quoniam“
866 3750 964 3824 Cam.;
981 3753 1007 3808 Δ
1025 3751 1132 3809 deficit.
1153 3780 1191 3792 —

77 3851 132 3912 685
157 3873 293 3913 numeros
316 3854 441 3912 excedit.
487 3853 521 3912 R.
548 3852 641 3928 „Qui“
667 3872 723 3931 pro
750 3847 918 3930 QuicquiS,
949 3852 1026 3928 quod
1051 3856 1140 3912 etiam
1164 3855 1194 3913 in

78 3945 245 4033 alegitur3
271 3974 325 4030 ego
350 3952 457 4029 „uolo“
482 3956 580 4015 deleto
603 3958 686 4015 iunxi
708 3949 818 4015 euceri
840 3951 995 4015 conuenit.
1018 3985 1060 3996 -
1082 3952 1194 4016 comia-

78 4057 182 4133 aotum,
207 4059 241 4118 af.
256 4059 294 4118 ad
310 4059 399 4118 Most.
415 4061 485 4118 310.
506 4089 546 4099 —
568 4061 638 4118 686.
661 4055 766 4118 ueniet
789 4058 856 4116 666.
870 4056 1018 4117 Goetnius.
1064 4056 1195 4136 quisque

77 4165 118 4216 est
139 4164 323 4238 quicumque,
347 4181 375 4221 v.
389 4163 427 4220 ad
444 4161 509 4220 Mil.
525 4163 592 4220 156.
611 4191 653 4200 -
677 4163 748 4221 687.
764 4155 946 4234 polluctura
968 4160 1047 4234 Pius,
1071 4163 1107 4220 of.
1122 4163 1192 4221 237.

78 4258 148 4320 llud.
175 4265 266 4322 1406.
323 4259 486 4338 „iactura“,
523 4267 584 4322 sive
618 4265 712 4322 errori
744 4265 806 4321 sive
838 4263 922 4322 malae
952 4264 1194 4340 interpretationi

80 4359 210 4438 debetur,
241 4369 406 4425 necessario
430 4367 597 4426 delendum.
647 4361 738 4426 hodic
765 4386 868 4426 versus
896 4386 984 4425 causa
1012 4366 1194 4443 transposui.
