2898 4996
66 464 107 532 iv,
127 469 147 530 1,
167 464 268 520 xe-cs
560 463 682 518 suenus.

467 654 774 736 Pamphilippus

65 761 221 828 Uidelicet
242 782 376 845 parcum
399 760 501 828 fuisse
522 763 614 829 illum
636 783 756 841 senem,
780 763 835 846 qui
858 763 895 828 id
916 762 1045 829 dixerit.

64 869 235 952 [Quoniam
257 871 311 936 ille
334 871 382 936 illi
406 870 588 954 pollicetur,
612 871 668 955 qui
691 892 764 936 eum
788 869 894 936 cibum
917 872 1127 956 poposcerit]

528 1060 704 1140 Antipho

63 1167 219 1233 Uidelicet
247 1188 311 1234 non
333 1167 435 1235 luisse
458 1168 550 1234 illum
573 1189 712 1252 aequom
735 1166 988 1247 adulescentem,
1017 1170 1071 1253 qui
1093 1169 1180 1251 ilico,

63 1277 121 1342 Ubi
144 1276 200 1343 ille
223 1279 337 1361 poscit,
360 1276 537 1360 denegauit
560 1277 638 1342 dare
661 1299 696 1343 se
719 1297 857 1358 granum
880 1277 991 1342 tritici.
1128 1297 1179 1350 560

63 1385 178 1452 Hercle
200 1387 256 1470 qui
279 1405 417 1468 aequom
440 1384 632 1468 postulabat
654 1385 710 1451 illc
734 1407 840 1464 senex,
865 1385 996 1468 quando
1019 1387 1151 1469 quidem

62 1494 159 1560 Filiae
182 1494 244 1560 ille·
261 1494 399 1560 dederat
421 1494 540 1574 dotem,
564 1494 712 1578 accipere
735 1515 794 1578 pro
818 1493 964 1560 tibicina.

467 1682 771 1763 Pamphilippuc

63 1791 174 1857 Hercle
196 1791 250 1857 ille
274 1792 408 1875 quidem
431 1799 520 1858 certo
544 1790 738 1857 adulescens
762 1790 858 1857 docte
880 1797 1033 1857 uersutus
1056 1791 1129 1872 fuit,

63 1899 121 1976 Qui
142 1903 212 1967 seni
233 1901 283 1966 illi
307 1900 524 1968 concubinam
548 1901 628 1966 dare
652 1901 800 1966 dotatam
823 1899 938 1966 noluit.

530 2089 707 2170 Antipho

63 2198 162 2264 Senex
183 2198 315 2283 quidem
340 2197 453 2277 uoluit,
477 2200 504 2264 si
527 2205 648 2282 posset,
672 2198 828 2283 indipisci
851 2197 892 2264 de
914 2197 1004 2280 cibo;
1128 2217 1179 2270 uto

64 2306 143 2383 Quia
164 2308 289 2392 nequit,
314 2328 381 2392 qua
402 2307 474 2392 lege
496 2309 591 2374 licuit
613 2307 698 2373 uelle
721 2307 805 2373 dixit
826 2306 906 2373 fieri.

66 2415 170 2494 ,siau
193 2415 250 2482 ille
273 2417 381 2500 inquit
403 2418 606 2483 adulescens.
641 2417 745 2481 ‘Facis
768 2415 916 2498 benigne’
939 2417 1047 2500 iuquit
1069 2437 1177 2482 senex.

64 2523 203 2591 ‘llebccn
220 2545 291 2590 rem
307 2526 469 2607 pactaml’
491 2527 607 2609 inquit.
656 2525 806 2605 „Faciam
824 2525 889 2590 ita“
910 2525 1015 2607 inquit
1035 2530 1090 2605 ,ut
1108 2524 1179 2591 fieri

771 2633 891 2699 uoles.“

64 2741 121 2806 Sed
143 2763 201 2826 ego
225 2741 280 2807 ibo
303 2742 388 2807 intro
411 2749 445 2807 ct
466 2741 661 2825 gratulabor
682 2749 831 2808 nostrum
854 2741 1032 2806 aduentum
1055 2740 1141 2832 liliis.

64 2849 155 2915 Poste
177 2850 231 2916 ibo
255 2851 381 2916 lautum
404 2851 436 2914 in
460 2851 605 2935 pyelum3
628 2851 674 2916 ibi
692 2851 811 2916 fouebo
831 2855 1032 2915 senectutem
1057 2870 1179 2931 meam;

64 2957 137 3024 Post
158 2958 214 3023 ubi
236 2958 358 3038 lauero,
382 2960 506 3030 otiosus
528 2981 587 3025 uos
611 2961 764 3044 opperiar
786 2958 964 3025 adcubans
1127 2976 1176 3028 571

468 3147 770 3230 Pamphilippus

65 3255 258 3339 Graphicum
281 3257 453 3324 mortalem
476 3257 705 3341 Antiphonem,
726 3262 765 3322 ut
786 3255 960 3340 apologum
978 3253 1056 3320 fecit
1073 3253 1176 3320 fabre.

64 3365 164 3430 Etiam
186 3387 273 3431 nunc
295 3367 454 3431 scelestus
477 3386 510 3431 sc
533 3387 603 3432 esse
627 3365 717 3431 ducit
740 3388 800 3450 pro
823 3361 1080 3430 adulescentulo.

66 3473 196 3540 Dabitur
218 3475 341 3540 homini
365 3477 477 3551 amica,
501 3481 602 3539 noctu
625 3495 708 3557 quae
731 3475 868 3541 inlecto
886 3459 1036 3540 occentet
1054 3492 1179 3552 senem3

65 3581 204 3667 Namque
225 3583 343 3667 edepol
360 3583 450 3649 aliud
469 3583 600 3668 quidem
617 3584 666 3649 illi
685 3583 763 3667 quid
781 3583 887 3647 amica
906 3603 988 3665 opus
1001 3583 1044 3647 sit
1057 3582 1177 3647 nescio.

67 3689 126 3756 Sed
146 3693 223 3776 quid
247 3692 317 3775 agit
334 3695 499 3776 parasitus
519 3699 630 3758 noster
649 3691 856 3758 Gelasimus?
879 3693 979 3756 etiam
999 3690 1111 3756 ualet?
1128 3707 1179 3762 576

143 3933 191 3986 667
209 3931 287 3986 illum
305 3930 391 3985 luisse
452 3931 549 3986 idom.
618 3932 669 3986 569
686 3947 807 4000 nequam
873 3928 1062 3984 adulescentia
1129 3931 1178 3984 661

69 4016 127 4084 quia
143 4034 240 4088 equum
328 4017 379 4070 662
397 4015 452 4071 illae
536 4019 585 4072 663
605 4016 703 4071 suitG
782 4017 832 4070 664
850 4015 917 4084 Quis
936 4013 1053 4071 enimO
1128 4016 1178 4069 666

68 4103 202 4170 nequidO
276 4105 328 4159 667
346 4103 431 4158 aiacis
450 4101 478 4157 Β
556 4103 654 4171 inquid
672 4101 699 4155 B
781 4103 832 4155 668
849 4101 953 4156 factam
1032 4100 1130 4169 inquid
1148 4105 1180 4154 ut

70 4187 115 4240 670
129 4186 227 4244 Postea
243 4190 292 4244 ibo
311 4189 433 4243 leuatum
451 4191 481 4243 in
499 4189 586 4257 pilum
688 4189 737 4241 671
757 4186 924 4240 accumbens
1026 4189 1180 4255 tlt-quam

70 4270 139 4326 labro
195 4277 245 4328 673
264 4275 366 4328 Itium
384 4275 418 4340 B,
438 4275 469 4327 ld
487 4273 585 4328 iamt*
642 4274 693 4326 674
711 4277 824 4327 acentet
842 4271 877 4340 B,
896 4271 1071 4326 accendetO
1129 4271 1180 4326 676

72 4373 133 4424 opos
150 4361 183 4415 eit
199 4360 234 4430 B,
254 4361 345 4430 posuit
363 4359 385 4414 0
1232 4379 1234 4384 ’
