2890 5004
533 505 566 561 V.
585 509 729 564 uuo-391.
1132 514 1194 578 437

67 699 107 758 ad
133 699 192 760 cie.
216 699 281 760 rin.
304 701 361 775 111,
391 701 445 776 20,
476 704 524 761 67.
582 702 690 762 Munro
713 704 750 762 ed
773 702 890 763 Luccei.
914 706 941 775 I,
975 707 1023 764 16.
1047 736 1073 746 -
1119 710 1190 770 375.

67 796 131 861 didi
150 817 214 878 per
234 817 283 863 me
304 805 340 863 A.
392 804 547 864 Proximus
575 824 677 864 verene
704 810 740 864 ut
760 809 791 866 iu
814 806 898 866 codd.
921 805 1067 883 traditur,
1102 830 1191 870 censu

65 911 161 965 curet.
179 903 274 981 Vulgo
291 928 327 966 ex
344 907 469 966 Pictoris
487 909 561 967 coni.
574 907 687 967 editur:
714 907 843 982 ,Uerum
861 909 963 969 lubere
982 911 1061 971 haud
1078 912 1188 989 lubeat,

59 1010 83 1066 ui
114 1008 214 1082 liceat,
238 1005 342 1084 mihi“,
373 1008 453 1086 quod
481 1011 522 1069 iia
552 1016 672 1070 cuer-rut
699 1011 865 1071 Boxhorn.:
906 1012 956 1086 „si
984 1014 1057 1073 mihi
1085 1015 1190 1077 licerel

58 1112 162 1169 omuie
189 1131 244 1190 pro
273 1110 359 1170 libitu
388 1113 498 1186 fucere,
533 1114 667 1192 prolecto
695 1113 768 1173 mihi
790 1134 850 1173 uon
879 1115 996 1182 luberet
1019 1117 1099 1195 quod
1120 1118 1186 1193 tibi,

58 1217 100 1272 rui
124 1221 227 1292 puter,
257 1215 426 1288 allubescit3
459 1234 518 1274 nou
547 1215 664 1276 luberet
692 1221 772 1275 cerie
801 1215 891 1289 liliam
911 1214 1072 1279 'rendere“.
1128 1219 1187 1280 Sed

55 1323 121 1375 tum
152 1311 230 1376 milri
257 1319 287 1376 iu
314 1319 460 1397 principio
489 1320 651 1379 sententiae·
672 1319 842 1396 ponendum
865 1325 944 1394 erac,
979 1341 1037 1381 uon
1060 1341 1095 1380 eo
1118 1322 1184 1382 loco

57 1439 117 1496 quo
141 1439 234 1492 nuuc,
268 1422 319 1480 ubi
348 1442 366 1479 e
393 1422 529 1499 proximo
561 1421 651 1480 verbo
675 1422 777 1482 divelli
799 1423 850 1483 vix
871 1427 980 1501 poteri.
1035 1423 1183 1484 Pretereu

56 1523 141 1580 nulla
165 1543 253 1582 caure
276 1529 334 1597 est,
369 1543 421 1582 cur
449 1524 550 1584 lubere
578 1514 681 1583 lubeat
703 1524 820 1584 dicetur
841 1546 898 1604 pro
921 1525 1048 1604 simplici
1071 1526 1181 1586 lubeat.

55 1625 152 1684 Immo
174 1627 277 1704 priore
306 1631 390 1685 recle
413 1627 581 1686 scribuntur
603 1629 634 1686 iu
658 1628 742 1686 codd.
766 1633 936 1706 rectumque
958 1629 1068 1688 habeut
1090 1649 1183 1707 oppu-

56 1731 209 1788 eitionem:
240 1729 356 1789 Lubere
378 1729 435 1788 tibi
456 1731 527 1789 licei
548 1749 604 1809 per
627 1749 681 1802 me,
706 1731 775 1807 quia
798 1731 942 1807 impedire
964 1751 1022 1790 nou
1044 1751 1181 1810 possum3

57 1832 108 1891 ced
131 1853 192 1891 uon
214 1831 326 1906 liceret,
351 1833 376 1892 ei
398 1852 526 1910 possem.
576 1834 681 1909 ltaque
704 1834 736 1892 in
757 1832 862 1892 ulliruo
884 1832 975 1894 verbo
998 1835 1103 1893 vitium
1127 1841 1181 1910 cei,

57 1933 321 2012 scribendumque:
345 1929 376 1994 σι’
399 1930 489 1994 liccat
510 1931 599 1995 milli.
622 1963 666 1975 -·
688 1937 756 1995 378.
782 1930 915 2007 Futura,
939 1952 1073 2010 cessum,
1097 1956 1124 1995 v.
1144 1936 1204 2000 ud.

58 2037 166 2117 Amph.
190 2038 239 2098 56.
263 2067 304 2077 -
330 2037 412 2112 ,Scis
434 2035 519 2097 ucm“
547 2039 620 2096 uihil
649 2044 707 2112 eet,
736 2059 764 2098 v.
789 2037 926 2112 Seyffert.
950 2037 1058 2098 Philol.
1081 2039 1182 2098 XXIX

57 2162 85 2218 p.
99 2141 174 2212 407,
197 2142 247 2218 qui
261 2137 399 2215 „Scisue“
426 2141 499 2199 vult.
542 2141 680 2201 Mueller.
699 2141 817 2200 Nachtr.
832 2163 860 2220 p.
877 2143 946 2200 100.
983 2143 1063 2216 ,eoin
1086 2137 1181 2216 ium“;

58 2263 110 2320 ego
146 2236 221 2303 Scis
253 2237 319 2304 iam
351 2243 473 2321 scripei3
507 2263 572 2302 uum
602 2243 807 2321 interrogandi
836 2245 932 2302 formu
960 2263 1018 2301 nou
1052 2249 1097 2302 eut
1131 2264 1181 2302 ne·

59 2347 199 2419 cessuria,
235 2368 263 2406 v.
287 2347 325 2405 ad
347 2346 454 2423 Amph.
479 2347 550 2405 716.
575 2376 614 2387 -
640 2350 711 2407 379.
736 2343 779 2420 id,
803 2347 838 2404 rrl
860 2347 1023 2420 surrupta,
1048 2346 1083 2405 cl.
1109 2348 1180 2408 371.

58 2449 95 2508 ud
116 2449 226 2508 Pseud.
253 2451 343 2509 1087.
400 2449 433 2508 R.
457 2451 542 2525 quusi
565 2469 600 2506 ex
622 2451 661 2508 A:
699 2451 758 2522 ,Ec
785 2453 819 2508 ui
847 2451 878 2508 ui
908 2446 1079 2526 surrupte“,
1114 2469 1180 2526 quoe

60 2573 94 2610 ne
116 2556 251 2612 interce
275 2550 494 2625 contradicent,
519 2571 631 2611 vercor.
661 2583 702 2592 -
737 2554 806 2611 381.
843 2567 904 2624 mc,
933 2547 1018 2610 rnala
1040 2553 1076 2610 ul
1096 2545 1179 2627 fiam,

59 2650 150 2729 (uuir,
175 2655 211 2714 cl.
236 2655 274 2714 ud
299 2656 367 2714 Aul.
392 2658 461 2714 662.
502 2655 579 2712 infre
603 2657 673 2714 413.
699 2657 770 2714 746.
798 2656 867 2714 521.
901 2682 943 2694 -
979 2656 1049 2714 383.
1083 2651 1183 2732 saciat

60 2753 261 2834 repudiosas,
301 2759 391 2817 faciat
423 2763 456 2816 ut
489 2756 692 2835 repudientur.
721 2787 763 2798 -·
799 2759 869 2816 384.
903 2772 987 2816 νιιινιο
1019 2751 1180 2816 homiuum

61 2859 190 2936 Scaliger
218 2863 315 2920 iunxit
345 2862 429 2938 queri
451 2864 503 2917 τῶν
524 2863 571 2918 νῦν
593 2861 764 2936 ἀνθρώπων,
805 2860 869 2919 coll.
893 2860 960 2918 Ter.
984 2859 1078 2919 Andr.
1104 2863 1177 2921 175:

64 2966 122 3034 ,eri
146 2983 263 3041 semper
285 2959 421 3023 lenilee“.
447 2965 484 3022 ul.
535 2963 733 3022 Grammatice
765 2982 859 3036 „nunc
882 2957 985 3023 uidee“
1014 2963 1178 3040 iungendu3

60 3087 143 3125 nemo
168 3073 264 3125 cutem
287 3067 368 3124 aliud
391 3067 474 3125 videt
496 3086 584 3144 quem
612 3065 690 3142 quod
719 3085 797 3125 nuuc
825 3067 922 3142 ipsum
951 3071 1004 3128 est.
1035 3095 1075 3105 -
1107 3067 1177 3124 385.

62 3165 283 3246 οιιοιίιιόννιοιῖί,
317 3170 336 3226 i.
361 3189 386 3228 e.
416 3170 546 3230 cuiusvis
580 3171 674 3242 modi,
709 3167 911 3241 scribendum,
945 3186 973 3227 v.
1000 3167 1123 3227 Becker.
1147 3169 1179 3226 in

61 3271 191 3331 scudem.
214 3271 298 3332 Stud.
328 3274 341 3330 I
368 3293 396 3350 p.
424 3275 494 3331 286.
551 3271 675 3332 Loreuz.
704 3271 818 3343 Philol.
841 3269 952 3328 XXXV
982 3291 1011 3348 p.
1039 3273 1107 3330 177.
1139 3299 1177 3312 -

65 3371 176 3446 „mala“
200 3375 285 3434 abest
307 3375 343 3432 ub
366 3375 401 3433 A.
425 3404 466 3414 -
492 3375 561 3434 386.
592 3369 646 3432 sil.
681 3374 894 3432 Coniuncliruu
917 3375 1100 3433 necessarius
1123 3378 1178 3432 ecl.

64 3477 95 3534 R.
121 3473 203 3550 „eul“
228 3477 274 3536 ed.
299 3497 334 3534 ex
356 3477 383 3533 A
405 3476 481 3534 mele
503 3477 590 3549 lecto,
615 3499 640 3536 v.
665 3475 759 3554 Gepp.
779 3475 863 3535 stud.
886 3475 915 3532 Π
937 3495 967 3554 p.
989 3479 1038 3535 82.
1057 3505 1095 3517 -
1118 3473 1178 3535 389

64 3579 145 3639 efferi
166 3581 280 3639 Nouius
303 3601 332 3656 p.
357 3581 416 3639 495
441 3579 517 3638 mule
543 3577 722 3653 „uirtutcm“
748 3581 888 3639 scribens.
935 3573 1040 3639 Deum
1062 3574 1180 3638 uirtute

64 3687 104 3740 eei
136 3683 257 3742 deorum
291 3681 446 3754 beneficio,
481 3701 510 3740 v.
540 3681 576 3739 ad
606 3682 674 3740 Aul.
707 3684 776 3742 159.
805 3712 843 3722 --
889 3683 958 3740 390.
995 3675 1047 3742 Ne
1080 3675 1177 3740 dicar.

64 3782 95 3842 R.
122 3791 232 3844 temere
264 3781 403 3858 „ducas“.
438 3814 478 3824 -
510 3786 568 3843 391
605 3784 691 3842 affert
719 3784 799 3843 Feci.
826 3803 855 3861 p.
880 3786 951 3844 297.
1007 3783 1115 3843 Hiatur
1148 3785 1179 3842 iu

65 3905 185 3962 cerum
207 3887 241 3948 R.
268 3883 361 3961 ,ego“
386 3886 478 3946 addit.
523 3901 676 3957 soracum,
701 3890 832 3964 σώρακοι,
864 3886 992 3958 corbem,
1017 3905 1044 3944 v.
1062 3885 1137 3946 Poll.
1155 3887 1177 3959 1,

67 3991 120 4048 245
144 3993 220 4050 inter
241 3991 438 4048 instrumenta
461 3991 586 4049 rustica:
622 3992 734 4066 ᾳορμὺς,
762 3993 879 4067 ψίαθος,
909 3989 1026 4063 κόφινος,
1050 3990 1178 4065 σώροκος.

66 4089 124 4165 VII,
149 4093 223 4152 173:
258 4094 362 4149 πλέκειν
384 4094 518 4165 κοφίνους,
545 4093 692 4168 σωράκοος,
715 4094 850 4170 ἀρρ’χοος.
900 4091 944 4164 X,
972 4090 1177 4152 133616660-

66 4191 163 4266 phanis
185 4214 301 4254 versum
324 4193 410 4253 affert
431 4215 467 4252 ex
489 4194 687 4254 Danaidibus:
717 4197 803 4251 κακῶν
825 4196 960 4251 τοσούτων
983 4196 1109 4271 συνελέγη
1130 4217 1178 4266 μοι

68 4296 187 4370 σώροκος,
209 4295 247 4355 ad
270 4315 334 4374 quae
351 4296 508 4358 adscribit:
540 4299 616 4372 παρὰ
633 4301 688 4362 τοῖς
705 4297 906 4372 κωμῳδοποιοῖς
927 4298 1010 4362 οὕτως
1027 4297 1177 4373 ὠνομάσθη

70 4397 94 4451 ri
114 4397 228 4475 ἀγγεῖον,
250 4405 277 4456 ἐν
299 4391 319 4475 ᾧ
340 4401 373 4456 τὰ
396 4401 475 4470 σκεύη
497 4403 549 4456 τῶν
570 4401 728 4476 ὑποκριτῶν.
778 4399 838 4459 Nec
866 4400 953 4458 aliter
975 4399 1057 4458 Festi
1080 4401 1176 4476 epilo-
