3002 5000
571 477 576 486 Ι
620 516 711 572 Pereo
1183 529 1221 592 19

581 706 746 772 Tooeilus
896 780 903 792 ,

624 816 685 880 Ain
706 835 795 892 uero,
820 815 1012 882 uerbereum
1035 821 1223 902 eaput?185

558 945 772 1028 Paeonium

98 1031 161 1094 Aio
185 1030 362 1095 enimuero.

582 1140 747 1205 Tooeidue

360 1245 444 1323 Quid
467 1269 544 1331 ergo
567 1249 657 1314 dixi?

563 1378 775 1462 Paeonium

673 1489 741 1572 Ego
765 1495 854 1555 recte
877 1492 963 1575 opud
987 1492 1078 1558 illam
1101 1494 1222 1562 dixero.

584 1621 747 1684 Touilos

98 1727 175 1792 Nou
200 1725 317 1810 edepol
339 1728 413 1793 eois.

557 1835 777 1918 Paeonium

385 1943 435 2008 Do
457 1942 566 2010 hercle
589 1945 717 2028 pignus,
740 1947 775 2010 ni
797 1949 905 2012 omnio
928 1949 1057 2014 memini
1082 1957 1116 2016 et
1139 1953 1223 2032 eoi03

99 2052 146 2116 Et
170 2051 314 2134 quidem,
339 2053 365 2116 si
389 2053 451 2116 eois
470 2058 550 2131 tute,
574 2060 655 2136 quot
672 2053 769 2119 hodie
786 2053 909 2120 habeas
926 2056 1046 2139 digitos
1064 2059 1098 2123 iu
1118 2079 1224 2126 munu.

584 2185 748 2249 Toxilus

96 2292 197 2376 Egon
221 2292 294 2358 dem
316 2293 434 2376 pignus
457 2293 588 2357 tecum?

564 2425 776 2507 Paeonium

622 2534 795 2612 Audacter,
819 2536 847 2600 ei
868 2535 981 2603 lubido
1005 2543 1057 2603 est
1078 2538 1224 2621 perdere.

365 2731 367 2736 ,
586 2666 750 2730 Toxilus

100 2777 200 2841 Bona
222 2795 286 2858 pax
310 2775 354 2839 eit
375 2775 494 2858 potius.

561 2884 778 2966 Paeonium
855 2866 860 2876 ¹

445 2991 525 3056 Tum
548 3000 584 3056 tu
608 2993 708 3074 igitur
731 2993 800 3067 siue
823 3014 875 3057 me
896 2994 954 3058 ire.

585 3124 752 3189 Toxilus

836 3231 881 3296 Et
901 3230 998 3298 iubeo
1022 3238 1056 3298 et
1078 3233 1228 3300 sin0.1oo

103 3341 173 3408 Sed
196 3342 244 3406 itu
265 3342 341 3406 uolo
364 3347 559 3422 decurrere,
582 3349 619 3407 ut
641 3341 727 3407 domi
751 3343 804 3423 eie,
829 3362 928 3426 quom
951 3361 1011 3424 ego
1033 3346 1067 3406 te
1091 3361 1162 3405 esse
1179 3338 1228 3403 illi

820 3469 981 3517 censeam.

568 3570 768 3650 Paeyinus

102 3657 250 3724 Fauiam.

586 3764 758 3830 Tumidos

218 3871 289 3950 Quo
312 3893 389 3956 ergo
411 3873 440 3937 is
463 3874 570 3938 nuno?

567 4006 780 4088 Paeonium

442 4115 595 4194 Domum,
618 4116 667 4178 uti
690 4114 777 4179 domi
800 4114 870 4192 sim,
894 4133 990 4196 quom
1013 4112 1062 4177 illi
1084 4133 1228 4180 censeas.

106 4237 313 4248 -.—-·-——-

204 4321 251 4374 198
267 4319 405 4389 Equidem
423 4317 474 4374 Bo
532 4318 607 4388 quod
624 4319 729 4372 hebete
746 4317 830 4371 hodie
847 4315 900 4371 Bc
964 4319 1013 4371 189
1030 4315 1176 4371 Eooudem
1194 4317 1229 4384 B,

108 4405 254 4464 eudemo
319 4405 430 4460 lubidoo
503 4406 552 4458 190
568 4402 714 4459 iubeboO
784 4407 829 4458 191
849 4418 947 4458 eui-are
964 4401 1019 4458 Bo
1083 4403 1141 4456 illio
1157 4402 1186 4456 B

993 4511 1027 4566 2·
