3002 5000
125 449 165 517 11,
184 454 210 520 2,
228 453 331 509 25-40
354 491 356 496 ,
642 453 732 511 Parca

540 643 833 726 Sophiclidisaa

122 749 173 816 Eo
196 771 255 833 ego
279 749 355 817 hinc
375 749 465 818 haud
488 751 595 836 longe.

578 893 790 978 Pacpaiom

446 1003 489 1070 Et
512 1003 646 1088 quidem
669 1023 728 1086 ago
751 1003 840 1070 haud
862 1003 968 1086 longe.

532 1161 836 1244 Sophoclidisca

805 1270 876 1350 Quo
899 1293 976 1356 ergo
999 1278 1033 1339 la
1054 1273 1095 1352 is,
1118 1273 1245 1340 scelus?

575 1415 789 1499 Pacpaiam

116 1523 193 1590 Nisi
216 1525 320 1590 sciero
342 1523 434 1610 prius
456 1545 496 1590 ax
518 1531 561 1606 to,
582 1531 619 1590 tu
641 1546 681 1590 ax
703 1544 754 1589 mc
777 1543 953 1606 numquam
975 1523 1052 1605 hoo,
1082 1526 1168 1608 quod
1191 1547 1244 1592 ro-

836 1632 923 1715 gitas
946 1633 1035 1699 scios.

529 1774 832 1857 Sophoclidisca
868 1760 870 1764 ’

114 1883 308 1968 Numquam
326 1889 455 1950 ecastor
472 1882 568 1950 hodia
581 1884 680 1970 scibis
691 1885 783 1969 prius
795 1905 894 1969 quam
906 1905 945 1950 cx
957 1890 990 1951 tc
1003 1887 1172 1952 audiuoro.
1191 1904 1243 1958 220

572 2037 786 2122 Pacpaiam

110 2147 214 2214 Itane
237 2148 309 2212 osi?

528 2277 833 2360 Sophoclidisca

270 2385 323 2452 lta
343 2407 395 2453 nc.

549 2517 762 2601 Pacpaiam

363 2625 452 2692 Mala
474 2647 518 2692 as.

525 2768 831 2849 Sophoclidisca

484 2875 668 2946 Scelestu's.

568 3038 783 3122 Paepaiam

629 3147 733 3213 Decet
754 3166 814 3211 mc.

524 3299 827 3383 Sophoclidisca

752 3408 804 3473 Mo
827 3408 961 3492 quidam
983 3406 1072 3473 haud
1094 3405 1236 3472 dedecet.

566 3551 643 3618 Pac
674 3552 781 3616 aiam

109 3659 201 3738 Quid
224 3660 292 3726 ais?
316 3665 481 3727 certumac
503 3666 554 3726 est
576 3574 691 3742 celaia,
715 3680 779 3744 quo
802 3661 866 3725 iter
887 3658 998 3739 facias,
1022 3657 1198 3744 pessuma?

522 3819 829 3901 Sophoclidisca
960 3857 963 3864 ·

108 3925 317 3996 Offirmastin
339 3928 513 4010 occultare,
536 3947 602 4013 quo
624 3933 658 3990 te
679 3927 836 4009 inmissae,
860 3929 1032 4012 pessume?

201 4168 252 4221 218
270 4166 325 4221 aad
343 4165 371 4221 B
457 4171 488 4221 tu
506 4168 530 4228 is
549 4182 598 4222 om.
617 4183 678 4224 aaa
695 4167 788 4236 spatio
880 4169 931 4221 219
949 4165 1004 4220 acis
1039 4175 1041 4178 ·
1090 4166 1138 4219 221
1158 4163 1237 4218 Itane

109 4252 178 4307 0⁸2?
197 4253 273 4306 itanc
292 4253 357 4307 cst?
470 4253 574 4306 malcas
591 4253 619 4308 Β
735 4253 869 4306 scelestus
888 4270 903 4307 c
921 4251 1001 4306 decet
1018 4249 1046 4304 B
1157 4247 1238 4304 dccci

108 4339 165 4393 222
182 4343 293 4392 aerium
311 4342 355 4392 ach
422 4336 509 4391 isaias
527 4335 556 4392 B
623 4339 673 4392 223
692 4335 843 4394 affirmati
917 4353 1045 4410 pessuma
1062 4334 1091 4392 Β
1139 4340 1144 4349 “
1170 4336 1173 4340 ’
