<?xml version="1.0" encoding="UTF-8"?>
<!DOCTYPE html PUBLIC "-//W3C//DTD XHTML 1.0 Transitional//EN"
    "http://www.w3.org/TR/xhtml1/DTD/xhtml1-transitional.dtd">
<html xmlns="http://www.w3.org/1999/xhtml" xml:lang="en" lang="en">
 <head>
  <title>
</title>
<meta http-equiv="Content-Type" content="text/html;charset=utf-8" />
  <meta name='ocr-system' content='tesseract 3.04.00' />
  <meta name='ocr-capabilities' content='ocr_page ocr_carea ocr_par ocr_line ocrx_word'/>
</head>
<body>
  <div class='ocr_page' id='page_1' title='image "./tmacciiplautico04ussigoog_0390.png"; bbox 0 0 2890 5004; ppageno 0'>
   <div class='ocr_carea' id='block_1_1' title="bbox 59 525 722 588">
    <p class='ocr_par' dir='ltr' id='par_1_1' title="bbox 59 525 722 588">
     <span class='ocr_line' id='line_1_1' title="bbox 59 525 722 588; baseline 0.002 -9"><span class='ocrx_word' id='word_1_1' title='bbox 59 525 96 584; x_wconf 88' lang='lat' dir='ltr'>Il.</span> <span class='ocrx_word' id='word_1_2' title='bbox 116 530 143 588; x_wconf 77' lang='lat'>7,</span> <span class='ocrx_word' id='word_1_3' title='bbox 164 527 266 580; x_wconf 80' lang='lat'>53-64</span> <span class='ocrx_word' id='word_1_4' title='bbox 398 556 403 562; x_wconf 92' lang='lat'><em>·</em></span> <span class='ocrx_word' id='word_1_5' title='bbox 530 525 722 581; x_wconf 77' lang='lat' dir='ltr'>Truculentne.</span> 
     </span>
    </p>
   </div>
   <div class='ocr_carea' id='block_1_2' title="bbox 54 715 1184 1121">
    <p class='ocr_par' dir='ltr' id='par_1_2' title="bbox 54 715 1184 1121">
     <span class='ocr_line' id='line_1_2' title="bbox 538 715 705 782; baseline 0.012 -2"><span class='ocrx_word' id='word_1_6' title='bbox 538 715 562 780; x_wconf 85' lang='lat' dir='ltr'>C</span> <span class='ocrx_word' id='word_1_7' title='bbox 580 737 705 782; x_wconf 78' lang='lat' dir='ltr'>&#39;amus</span> 
     </span>
     <span class='ocr_line' id='line_1_3' title="bbox 54 738 1184 906; baseline 0 -18"><span class='ocrx_word' id='word_1_8' title='bbox 54 823 167 906; x_wconf 82' lang='lat' dir='ltr'>Tange</span> <span class='ocrx_word' id='word_1_9' title='bbox 188 826 293 903; x_wconf 89' lang='lat' dir='ltr'>modo,</span> <span class='ocrx_word' id='word_1_10' title='bbox 317 825 381 888; x_wconf 83' lang='lat' dir='ltr'>ianr</span> <span class='ocrx_word' id='word_1_11' title='bbox 405 843 464 905; x_wconf 78' lang='lat' dir='ltr'>ego</span> <span class='ocrx_word' id='word_1_12' title='bbox 487 823 541 888; x_wconf 85' lang='lat' dir='ltr'>hio</span> <span class='ocrx_word' id='word_1_13' title='bbox 562 738 682 906; x_wconf 65' lang='lat' dir='ltr'>algnum</span> <span class='ocrx_word' id='word_1_14' title='bbox 708 829 736 888; x_wconf 79' lang='lat' dir='ltr'>le</span> <span class='ocrx_word' id='word_1_15' title='bbox 758 823 872 888; x_wconf 80' lang='lat' dir='ltr'>faciam</span> <span class='ocrx_word' id='word_1_16' title='bbox 898 830 929 888; x_wconf 81' lang='lat' dir='ltr'>et</span> <span class='ocrx_word' id='word_1_17' title='bbox 954 824 1094 888; x_wconf 86' lang='lat' dir='ltr'>medium</span> <span class='ocrx_word' id='word_1_18' title='bbox 1120 825 1184 888; x_wconf 80' lang='lat' dir='ltr'>(lis-</span> 
     </span>
     <span class='ocr_line' id='line_1_4' title="bbox 770 931 1184 1002; baseline 0 -7"><span class='ocrx_word' id='word_1_19' title='bbox 770 931 941 996; x_wconf 81' lang='lat' dir='ltr'>trunoeho.</span> <span class='ocrx_word' id='word_1_20' title='bbox 1134 951 1184 1002; x_wconf 78' lang='lat'>605</span> 
     </span>
     <span class='ocr_line' id='line_1_5' title="bbox 56 1038 1139 1121; baseline 0.003 -19"><span class='ocrx_word' id='word_1_21' title='bbox 56 1038 87 1102; x_wconf 90' lang='lat' dir='ltr'>Si</span> <span class='ocrx_word' id='word_1_22' title='bbox 112 1049 151 1104; x_wconf 88' lang='lat' dir='ltr'>tu</span> <span class='ocrx_word' id='word_1_23' title='bbox 176 1039 217 1103; x_wconf 87' lang='lat' dir='ltr'>ad</span> <span class='ocrx_word' id='word_1_24' title='bbox 241 1039 399 1120; x_wconf 83' lang='lat' dir='ltr'>legionem</span> <span class='ocrx_word' id='word_1_25' title='bbox 424 1040 565 1107; x_wconf 82' lang='lat' dir='ltr'>bellator</span> <span class='ocrx_word' id='word_1_26' title='bbox 588 1040 687 1117; x_wconf 76' lang='lat' dir='ltr'>elaea,</span> <span class='ocrx_word' id='word_1_27' title='bbox 711 1047 746 1103; x_wconf 82' lang='lat' dir='ltr'>at</span> <span class='ocrx_word' id='word_1_28' title='bbox 769 1060 827 1121; x_wconf 84' lang='lat' dir='ltr'>ego</span> <span class='ocrx_word' id='word_1_29' title='bbox 850 1040 882 1102; x_wconf 89' lang='lat' dir='ltr'>in</span> <span class='ocrx_word' id='word_1_30' title='bbox 906 1039 1016 1103; x_wconf 83' lang='lat' dir='ltr'>eulina</span> <span class='ocrx_word' id='word_1_31' title='bbox 1039 1041 1139 1105; x_wconf 77' lang='lat' dir='ltr'>elaea.</span> 
     </span>
    </p>
   </div>
   <div class='ocr_carea' id='block_1_3' title="bbox 54 1228 1185 1634">
    <p class='ocr_par' dir='ltr' id='par_1_3' title="bbox 54 1228 1185 1634">
     <span class='ocr_line' id='line_1_6' title="bbox 485 1228 753 1292; baseline -0.007 0"><span class='ocrx_word' id='word_1_32' title='bbox 485 1228 753 1292; x_wconf 89' lang='lat' dir='ltr'>Phronesium</span> 
     </span>
     <span class='ocr_line' id='line_1_7' title="bbox 54 1333 1147 1420; baseline 0.003 -21"><span class='ocrx_word' id='word_1_33' title='bbox 54 1335 86 1399; x_wconf 92' lang='lat' dir='ltr'>Si</span> <span class='ocrx_word' id='word_1_34' title='bbox 110 1356 252 1420; x_wconf 88' lang='lat' dir='ltr'>aequom</span> <span class='ocrx_word' id='word_1_35' title='bbox 276 1333 386 1414; x_wconf 84' lang='lat' dir='ltr'>facias,</span> <span class='ocrx_word' id='word_1_36' title='bbox 411 1337 608 1402; x_wconf 87' lang='lat' dir='ltr'>aduentores</span> <span class='ocrx_word' id='word_1_37' title='bbox 631 1335 718 1400; x_wconf 83' lang='lat' dir='ltr'>houd</span> <span class='ocrx_word' id='word_1_38' title='bbox 739 1340 773 1400; x_wconf 77' lang='lat' dir='ltr'>lu</span> <span class='ocrx_word' id='word_1_39' title='bbox 794 1335 874 1399; x_wconf 81' lang='lat' dir='ltr'>mllri</span> <span class='ocrx_word' id='word_1_40' title='bbox 897 1357 985 1401; x_wconf 86' lang='lat' dir='ltr'>meos</span> <span class='ocrx_word' id='word_1_41' title='bbox 1009 1340 1147 1414; x_wconf 84' lang='lat' dir='ltr'>incuses,</span> 
     </span>
     <span class='ocr_line' id='line_1_8' title="bbox 55 1441 1185 1529; baseline 0.002 -23"><span class='ocrx_word' id='word_1_42' title='bbox 55 1441 202 1517; x_wconf 83' lang='lat' dir='ltr'>Quorum</span> <span class='ocrx_word' id='word_1_43' title='bbox 225 1445 309 1509; x_wconf 87' lang='lat' dir='ltr'>dona</span> <span class='ocrx_word' id='word_1_44' title='bbox 325 1451 463 1526; x_wconf 86' lang='lat' dir='ltr'>aooepta</span> <span class='ocrx_word' id='word_1_45' title='bbox 482 1454 514 1508; x_wconf 85' lang='lat' dir='ltr'>et</span> <span class='ocrx_word' id='word_1_46' title='bbox 532 1452 627 1526; x_wconf 84' lang='lat' dir='ltr'>grata</span> <span class='ocrx_word' id='word_1_47' title='bbox 645 1443 750 1508; x_wconf 89' lang='lat' dir='ltr'>haheo</span> <span class='ocrx_word' id='word_1_48' title='bbox 769 1465 872 1527; x_wconf 84' lang='lat' dir='ltr'>aeque</span> <span class='ocrx_word' id='word_1_49' title='bbox 892 1451 927 1508; x_wconf 86' lang='lat' dir='ltr'>nt</span> <span class='ocrx_word' id='word_1_50' title='bbox 939 1445 1078 1524; x_wconf 82' lang='lat' dir='ltr'>ingrato,</span> <span class='ocrx_word' id='word_1_51' title='bbox 1099 1466 1185 1529; x_wconf 80' lang='lat' dir='ltr'>quae</span> 
     </span>
     <span class='ocr_line' id='line_1_9' title="bbox 776 1551 1093 1634; baseline 0.003 -20"><span class='ocrx_word' id='word_1_52' title='bbox 776 1551 834 1614; x_wconf 81' lang='lat' dir='ltr'>ahs</span> <span class='ocrx_word' id='word_1_53' title='bbox 859 1559 890 1616; x_wconf 90' lang='lat' dir='ltr'>te</span> <span class='ocrx_word' id='word_1_54' title='bbox 915 1555 1035 1634; x_wconf 82' lang='lat' dir='ltr'>accepi.</span> <span class='ocrx_word' id='word_1_55' title='bbox 1087 1618 1093 1628; x_wconf 75' lang='grc'>,</span> 
     </span>
    </p>
   </div>
   <div class='ocr_carea' id='block_1_4' title="bbox 56 1705 918 1897">
    <p class='ocr_par' dir='ltr' id='par_1_4' title="bbox 56 1705 918 1897">
     <span class='ocr_line' id='line_1_10' title="bbox 467 1705 775 1787; baseline 0.003 -18"><span class='ocrx_word' id='word_1_56' title='bbox 467 1705 775 1787; x_wconf 81' lang='lat' dir='ltr'>Stratophanes</span> 
     </span>
     <span class='ocr_line' id='line_1_11' title="bbox 56 1812 918 1897; baseline 0.001 -22"><span class='ocrx_word' id='word_1_57' title='bbox 56 1812 137 1877; x_wconf 87' lang='lat' dir='ltr'>Turn</span> <span class='ocrx_word' id='word_1_58' title='bbox 166 1813 220 1896; x_wconf 94' lang='lat' dir='ltr'>pol</span> <span class='ocrx_word' id='word_1_59' title='bbox 244 1835 303 1897; x_wconf 83' lang='lat' dir='ltr'>ego</span> <span class='ocrx_word' id='word_1_60' title='bbox 328 1821 360 1877; x_wconf 84' lang='lat' dir='ltr'>et</span> <span class='ocrx_word' id='word_1_61' title='bbox 383 1813 477 1878; x_wconf 91' lang='lat' dir='ltr'>donis</span> <span class='ocrx_word' id='word_1_62' title='bbox 502 1813 651 1894; x_wconf 88' lang='lat' dir='ltr'>priuatus</span> <span class='ocrx_word' id='word_1_63' title='bbox 675 1835 746 1878; x_wconf 91' lang='lat' dir='ltr'>sum</span> <span class='ocrx_word' id='word_1_64' title='bbox 771 1822 803 1877; x_wconf 88' lang='lat' dir='ltr'>et</span> <span class='ocrx_word' id='word_1_65' title='bbox 826 1815 918 1897; x_wconf 78' lang='lat' dir='ltr'>peril.</span> 
     </span>
    </p>
   </div>
   <div class='ocr_carea' id='block_1_5' title="bbox 490 1998 1183 2176">
    <p class='ocr_par' dir='ltr' id='par_1_5' title="bbox 490 1998 1183 2176">
     <span class='ocr_line' id='line_1_12' title="bbox 490 1998 752 2066; baseline 0.015 -4"><span class='ocrx_word' id='word_1_66' title='bbox 490 1998 752 2066; x_wconf 85' lang='lat' dir='ltr'>Phronesium</span> 
     </span>
     <span class='ocr_line' id='line_1_13' title="bbox 891 2109 1183 2176; baseline 0.007 -4"><span class='ocrx_word' id='word_1_67' title='bbox 891 2109 991 2176; x_wconf 84' lang='lat' dir='ltr'>Plane</span> <span class='ocrx_word' id='word_1_68' title='bbox 1016 2113 1101 2174; x_wconf 87' lang='lat' dir='ltr'>istuc</span> <span class='ocrx_word' id='word_1_69' title='bbox 1125 2121 1183 2174; x_wconf 83' lang='lat' dir='ltr'>est.</span> 
     </span>
    </p>
   </div>
   <div class='ocr_carea' id='block_1_6' title="bbox 57 2249 1185 2439">
    <p class='ocr_par' dir='ltr' id='par_1_6' title="bbox 57 2249 1185 2439">
     <span class='ocr_line' id='line_1_14' title="bbox 535 2249 703 2333; baseline 0 -19"><span class='ocrx_word' id='word_1_70' title='bbox 535 2249 703 2333; x_wconf 82' lang='lat' dir='ltr'>Cyamus</span> 
     </span>
     <span class='ocr_line' id='line_1_15' title="bbox 57 2357 1185 2439; baseline 0.005 -15"><span class='ocrx_word' id='word_1_71' title='bbox 57 2358 141 2436; x_wconf 85' lang='lat' dir='ltr'>Quid</span> <span class='ocrx_word' id='word_1_72' title='bbox 160 2379 247 2423; x_wconf 84' lang='lat' dir='ltr'>nnnc</span> <span class='ocrx_word' id='word_1_73' title='bbox 265 2379 341 2439; x_wconf 85' lang='lat' dir='ltr'>ergo</span> <span class='ocrx_word' id='word_1_74' title='bbox 356 2359 409 2423; x_wconf 89' lang='lat' dir='ltr'>hio</span> <span class='ocrx_word' id='word_1_75' title='bbox 421 2357 511 2423; x_wconf 88' lang='lat' dir='ltr'>odies</span> <span class='ocrx_word' id='word_1_76' title='bbox 524 2358 544 2438; x_wconf 85' lang='lat'><em>†</em></span> <span class='ocrx_word' id='word_1_77' title='bbox 558 2380 637 2438; x_wconf 72' lang='lat' dir='ltr'>sees¹</span> <span class='ocrx_word' id='word_1_78' title='bbox 662 2359 834 2425; x_wconf 78' lang='lat' dir='ltr'>confessus</span> <span class='ocrx_word' id='word_1_79' title='bbox 853 2361 1002 2425; x_wconf 87' lang='lat' dir='ltr'>omnibus</span> <span class='ocrx_word' id='word_1_80' title='bbox 1021 2367 1116 2426; x_wconf 84' lang='lat' dir='ltr'>teus?</span> <span class='ocrx_word' id='word_1_81' title='bbox 1134 2379 1185 2430; x_wconf 77' lang='lat'>610</span> 
     </span>
    </p>
   </div>
   <div class='ocr_carea' id='block_1_7' title="bbox 56 2537 852 2727">
    <p class='ocr_par' dir='ltr' id='par_1_7' title="bbox 56 2537 852 2727">
     <span class='ocr_line' id='line_1_16' title="bbox 468 2537 776 2619; baseline 0.003 -19"><span class='ocrx_word' id='word_1_82' title='bbox 468 2537 776 2619; x_wconf 80' lang='lat' dir='ltr'>Stratophanes</span> 
     </span>
     <span class='ocr_line' id='line_1_17' title="bbox 56 2642 852 2727; baseline 0.005 -22"><span class='ocrx_word' id='word_1_83' title='bbox 56 2642 140 2707; x_wconf 87' lang='lat' dir='ltr'>Perii</span> <span class='ocrx_word' id='word_1_84' title='bbox 166 2643 274 2709; x_wconf 79' lang='lat' dir='ltr'>hercle</span> <span class='ocrx_word' id='word_1_85' title='bbox 299 2642 405 2720; x_wconf 88' lang='lat' dir='ltr'>hodie,</span> <span class='ocrx_word' id='word_1_86' title='bbox 431 2643 495 2708; x_wconf 88' lang='lat' dir='ltr'>nisi</span> <span class='ocrx_word' id='word_1_87' title='bbox 517 2645 605 2708; x_wconf 88' lang='lat' dir='ltr'>huno</span> <span class='ocrx_word' id='word_1_88' title='bbox 628 2666 646 2708; x_wconf 85' lang='lat' dir='ltr'>a</span> <span class='ocrx_word' id='word_1_89' title='bbox 671 2654 703 2708; x_wconf 81' lang='lat' dir='ltr'>te</span> <span class='ocrx_word' id='word_1_90' title='bbox 727 2645 852 2727; x_wconf 57' lang='lat' dir='ltr'>abigo„</span> 
     </span>
    </p>
   </div>
   <div class='ocr_carea' id='block_1_8' title="bbox 536 2819 1182 3006">
    <p class='ocr_par' dir='ltr' id='par_1_8' title="bbox 536 2819 1182 3006">
     <span class='ocr_line' id='line_1_18' title="bbox 536 2819 706 2904; baseline 0 -19"><span class='ocrx_word' id='word_1_91' title='bbox 536 2819 706 2904; x_wconf 83' lang='lat' dir='ltr'>Cyamus</span> 
     </span>
     <span class='ocr_line' id='line_1_19' title="bbox 543 2929 1182 3006; baseline -0.003 -13"><span class='ocrx_word' id='word_1_92' title='bbox 543 2930 669 2994; x_wconf 83' lang='lat' dir='ltr'>Accede</span> <span class='ocrx_word' id='word_1_93' title='bbox 692 2929 757 2994; x_wconf 89' lang='lat' dir='ltr'>huo</span> <span class='ocrx_word' id='word_1_94' title='bbox 781 2930 886 3006; x_wconf 83' lang='lat' dir='ltr'>mode,</span> <span class='ocrx_word' id='word_1_95' title='bbox 911 2929 962 2994; x_wconf 82' lang='lat' dir='ltr'>adi</span> <span class='ocrx_word' id='word_1_96' title='bbox 987 2930 1051 2993; x_wconf 89' lang='lat' dir='ltr'>huo</span> <span class='ocrx_word' id='word_1_97' title='bbox 1076 2929 1182 2992; x_wconf 86' lang='lat' dir='ltr'>modo.</span> 
     </span>
    </p>
   </div>
   <div class='ocr_carea' id='block_1_9' title="bbox 59 3103 1187 3606">
    <p class='ocr_par' dir='ltr' id='par_1_9' title="bbox 59 3103 1187 3606">
     <span class='ocr_line' id='line_1_20' title="bbox 470 3103 774 3189; baseline 0 -20"><span class='ocrx_word' id='word_1_98' title='bbox 470 3103 774 3189; x_wconf 86' lang='lat' dir='ltr'>Stratophanes</span> 
     </span>
     <span class='ocr_line' id='line_1_21' title="bbox 59 3211 1183 3295; baseline -0.001 -20"><span class='ocrx_word' id='word_1_99' title='bbox 59 3211 177 3291; x_wconf 81' lang='lat' dir='ltr'>Etiam,</span> <span class='ocrx_word' id='word_1_100' title='bbox 193 3212 301 3277; x_wconf 86' lang='lat' dir='ltr'>scelus</span> <span class='ocrx_word' id='word_1_101' title='bbox 314 3213 387 3290; x_wconf 80' lang='lat' dir='ltr'>uiri,</span> <span class='ocrx_word' id='word_1_102' title='bbox 402 3215 563 3290; x_wconf 87' lang='lat' dir='ltr'>minitare,</span> <span class='ocrx_word' id='word_1_103' title='bbox 573 3234 670 3294; x_wconf 87' lang='lat' dir='ltr'>quern</span> <span class='ocrx_word' id='word_1_104' title='bbox 682 3235 742 3294; x_wconf 86' lang='lat' dir='ltr'>ego</span> <span class='ocrx_word' id='word_1_105' title='bbox 755 3211 879 3278; x_wconf 85' lang='lat' dir='ltr'>offatim</span> <span class='ocrx_word' id='word_1_106' title='bbox 891 3215 956 3278; x_wconf 89' lang='lat' dir='ltr'>iarn</span> <span class='ocrx_word' id='word_1_107' title='bbox 969 3213 1183 3295; x_wconf 82' lang='lat' dir='ltr'>onnoipilobo.</span> 
     </span>
     <span class='ocr_line' id='line_1_22' title="bbox 144 3319 1154 3405; baseline 0.001 -21"><span class='ocrx_word' id='word_1_108' title='bbox 144 3319 228 3398; x_wconf 86' lang='lat' dir='ltr'>Quid</span> <span class='ocrx_word' id='word_1_109' title='bbox 254 3320 314 3384; x_wconf 81' lang='lat' dir='ltr'>tibi</span> <span class='ocrx_word' id='word_1_110' title='bbox 339 3319 401 3385; x_wconf 88' lang='lat' dir='ltr'>huo</span> <span class='ocrx_word' id='word_1_111' title='bbox 423 3321 535 3386; x_wconf 86' lang='lat' dir='ltr'>uentio</span> <span class='ocrx_word' id='word_1_112' title='bbox 560 3322 632 3385; x_wconf 80' lang='lat' dir='ltr'>est?</span> <span class='ocrx_word' id='word_1_113' title='bbox 656 3321 735 3405; x_wconf 90' lang='lat' dir='ltr'><strong>quid</strong></span> <span class='ocrx_word' id='word_1_114' title='bbox 759 3321 821 3386; x_wconf 84' lang='lat' dir='ltr'>tibi</span> <span class='ocrx_word' id='word_1_115' title='bbox 843 3321 930 3386; x_wconf 88' lang='lat' dir='ltr'>hano</span> <span class='ocrx_word' id='word_1_116' title='bbox 953 3322 1056 3385; x_wconf 89' lang='lat' dir='ltr'>aditio</span> <span class='ocrx_word' id='word_1_117' title='bbox 1080 3322 1154 3385; x_wconf 81' lang='lat' dir='ltr'>est?</span> 
     </span>
     <span class='ocr_line' id='line_1_23' title="bbox 144 3417 1101 3512; baseline 0 -20"><span class='ocrx_word' id='word_1_118' title='bbox 144 3417 229 3508; x_wconf 84' lang='lat' dir='ltr'>Qnid</span> <span class='ocrx_word' id='word_1_119' title='bbox 253 3428 314 3493; x_wconf 87' lang='lat' dir='ltr'>tibi</span> <span class='ocrx_word' id='word_1_120' title='bbox 336 3428 422 3494; x_wconf 88' lang='lat' dir='ltr'>hano</span> <span class='ocrx_word' id='word_1_121' title='bbox 445 3431 534 3494; x_wconf 86' lang='lat' dir='ltr'>notio</span> <span class='ocrx_word' id='word_1_122' title='bbox 558 3441 616 3504; x_wconf 75' lang='lat' dir='ltr'>est,</span> <span class='ocrx_word' id='word_1_123' title='bbox 641 3430 786 3512; x_wconf 86' lang='lat' dir='ltr'>inquam,</span> <span class='ocrx_word' id='word_1_124' title='bbox 811 3432 950 3494; x_wconf 80' lang='lat' dir='ltr'>amicam</span> <span class='ocrx_word' id='word_1_125' title='bbox 974 3429 1101 3494; x_wconf 85' lang='lat' dir='ltr'>meam?</span> 
     </span>
     <span class='ocr_line' id='line_1_24' title="bbox 144 3522 1187 3606; baseline 0.002 -4"><span class='ocrx_word' id='word_1_126' title='bbox 144 3537 314 3602; x_wconf 87' lang='lat' dir='ltr'>Emoriere</span> <span class='ocrx_word' id='word_1_127' title='bbox 338 3539 437 3606; x_wconf 83' lang='lat' dir='ltr'>ocius.</span> <span class='ocrx_word' id='word_1_128' title='bbox 462 3539 494 3602; x_wconf 95' lang='lat' dir='ltr'>ni</span> <span class='ocrx_word' id='word_1_129' title='bbox 518 3559 616 3602; x_wconf 87' lang='lat' dir='ltr'>manu</span> <span class='ocrx_word' id='word_1_130' title='bbox 639 3522 769 3603; x_wconf 68' lang='lat' dir='ltr'>uicaria.</span> <span class='ocrx_word' id='word_1_131' title='bbox 1137 3553 1187 3605; x_wconf 74' lang='lat'>615</span> 
     </span>
    </p>
   </div>
   <div class='ocr_carea' id='block_1_10' title="bbox 147 3712 708 3898">
    <p class='ocr_par' dir='ltr' id='par_1_10' title="bbox 147 3712 708 3898">
     <span class='ocr_line' id='line_1_25' title="bbox 541 3712 708 3798; baseline 0 -20"><span class='ocrx_word' id='word_1_132' title='bbox 541 3712 708 3798; x_wconf 82' lang='lat' dir='ltr'>Cyamus</span> 
     </span>
     <span class='ocr_line' id='line_1_26' title="bbox 147 3819 561 3898; baseline 0.005 -13"><span class='ocrx_word' id='word_1_133' title='bbox 147 3819 256 3898; x_wconf 75' lang='lat' dir='ltr'>Quid?</span> <span class='ocrx_word' id='word_1_134' title='bbox 281 3843 376 3886; x_wconf 87' lang='lat' dir='ltr'>mann</span> <span class='ocrx_word' id='word_1_135' title='bbox 401 3823 561 3887; x_wconf 80' lang='lat' dir='ltr'>uicerim?</span> 
     </span>
    </p>
   </div>
   <div class='ocr_carea' id='block_1_11' title="bbox 69 3975 261 3986">
    <p class='ocr_par' dir='ltr' id='par_1_11' title="bbox 69 3975 261 3986">
     <span class='ocr_line' id='line_1_27' title="bbox 69 3975 261 3986; baseline 0.01 -4"><span class='ocrx_word' id='word_1_136' title='bbox 69 3975 261 3986; x_wconf 67' lang='lat'>———-</span> 
     </span>
    </p>
   </div>
   <div class='ocr_carea' id='block_1_12' title="bbox 68 4049 1190 4471">
    <p class='ocr_par' dir='ltr' id='par_1_12' title="bbox 68 4049 1190 4471">
     <span class='ocr_line' id='line_1_28' title="bbox 145 4049 1188 4128; baseline -0.001 -13"><span class='ocrx_word' id='word_1_137' title='bbox 145 4063 196 4115; x_wconf 78' lang='lat'>605</span> <span class='ocrx_word' id='word_1_138' title='bbox 215 4069 244 4114; x_wconf 81' lang='lat' dir='ltr'>te</span> <span class='ocrx_word' id='word_1_139' title='bbox 262 4077 312 4116; x_wconf 85' lang='lat' dir='ltr'>om.</span> <span class='ocrx_word' id='word_1_140' title='bbox 378 4062 429 4114; x_wconf 82' lang='lat'>606</span> <span class='ocrx_word' id='word_1_141' title='bbox 448 4060 492 4114; x_wconf 90' lang='lat' dir='ltr'>Sit</span> <span class='ocrx_word' id='word_1_142' title='bbox 510 4061 699 4128; x_wconf 74' lang='lat' dir='ltr'>uellegionem</span> <span class='ocrx_word' id='word_1_143' title='bbox 760 4061 829 4114; x_wconf 82' lang='lat' dir='ltr'>einis</span> <span class='ocrx_word' id='word_1_144' title='bbox 893 4049 1017 4115; x_wconf 77' lang='lat' dir='ltr'>enbilina</span> <span class='ocrx_word' id='word_1_145' title='bbox 1036 4059 1064 4113; x_wconf 91' lang='grc' dir='ltr'>Β</span> <span class='ocrx_word' id='word_1_146' title='bbox 1127 4063 1188 4114; x_wconf 84' lang='lat' dir='ltr'>ciue</span> 
     </span>
     <span class='ocr_line' id='line_1_29' title="bbox 68 4145 1189 4214; baseline 0.002 -18"><span class='ocrx_word' id='word_1_147' title='bbox 68 4145 112 4197; x_wconf 85' lang='grc'>607</span> <span class='ocrx_word' id='word_1_148' title='bbox 128 4147 203 4200; x_wconf 86' lang='lat' dir='ltr'>hand</span> <span class='ocrx_word' id='word_1_149' title='bbox 222 4154 252 4199; x_wconf 82' lang='lat' dir='ltr'>tu</span> <span class='ocrx_word' id='word_1_150' title='bbox 272 4145 339 4199; x_wconf 85' lang='lat' dir='ltr'>mihi</span> <span class='ocrx_word' id='word_1_151' title='bbox 359 4161 408 4201; x_wconf 82' lang='lat' dir='ltr'>om.</span> <span class='ocrx_word' id='word_1_152' title='bbox 505 4149 556 4200; x_wconf 84' lang='grc'>608</span> <span class='ocrx_word' id='word_1_153' title='bbox 574 4145 699 4212; x_wconf 79' lang='lat' dir='ltr'>Quorum</span> <span class='ocrx_word' id='word_1_154' title='bbox 717 4146 784 4198; x_wconf 89' lang='lat' dir='ltr'>mihi</span> <span class='ocrx_word' id='word_1_155' title='bbox 805 4146 879 4199; x_wconf 91' lang='lat' dir='ltr'>dona</span> <span class='ocrx_word' id='word_1_156' title='bbox 974 4145 1064 4200; x_wconf 89' lang='lat' dir='ltr'>habeo</span> <span class='ocrx_word' id='word_1_157' title='bbox 1085 4152 1189 4214; x_wconf 84' lang='lat' dir='ltr'>tuaque</span> 
     </span>
     <span class='ocr_line' id='line_1_30' title="bbox 68 4229 1189 4301; baseline 0.002 -21"><span class='ocrx_word' id='word_1_158' title='bbox 68 4229 229 4300; x_wconf 82' lang='lat' dir='ltr'>ingrataque</span> <span class='ocrx_word' id='word_1_159' title='bbox 362 4234 413 4286; x_wconf 88' lang='grc'>609</span> <span class='ocrx_word' id='word_1_160' title='bbox 431 4233 489 4301; x_wconf 85' lang='lat' dir='ltr'>peri</span> <span class='ocrx_word' id='word_1_161' title='bbox 590 4233 639 4284; x_wconf 85' lang='lat'>611</span> <span class='ocrx_word' id='word_1_162' title='bbox 660 4231 742 4285; x_wconf 84' lang='lat' dir='ltr'>abico</span> <span class='ocrx_word' id='word_1_163' title='bbox 760 4230 788 4284; x_wconf 91' lang='lat' dir='ltr'><em>B</em></span> <span class='ocrx_word' id='word_1_164' title='bbox 891 4233 993 4287; x_wconf 84' lang='lat' dir='ltr'>aocede</span> <span class='ocrx_word' id='word_1_165' title='bbox 1011 4232 1086 4285; x_wconf 87' lang='lat' dir='ltr'>huno</span> <span class='ocrx_word' id='word_1_166' title='bbox 1106 4233 1189 4286; x_wconf 86' lang='lat' dir='ltr'>modo</span> 
     </span>
     <span class='ocr_line' id='line_1_31' title="bbox 70 4315 1190 4371; baseline 0.004 -6"><span class='ocrx_word' id='word_1_167' title='bbox 70 4315 115 4368; x_wconf 73' lang='lat'>612</span> <span class='ocrx_word' id='word_1_168' title='bbox 130 4318 190 4371; x_wconf 83' lang='lat' dir='ltr'>neri</span> <span class='ocrx_word' id='word_1_169' title='bbox 209 4317 349 4370; x_wconf 81' lang='lat' dir='ltr'>mimitore</span> <span class='ocrx_word' id='word_1_170' title='bbox 368 4317 395 4370; x_wconf 93' lang='lat' dir='ltr'><em>B</em></span> <span class='ocrx_word' id='word_1_171' title='bbox 479 4315 635 4371; x_wconf 78' lang='lat' dir='ltr'>Anatimo</span> <span class='ocrx_word' id='word_1_172' title='bbox 710 4317 764 4370; x_wconf 83' lang='lat' dir='ltr'>ianr</span> <span class='ocrx_word' id='word_1_173' title='bbox 784 4317 912 4371; x_wconf 84' lang='lat' dir='ltr'>iamiam</span> <span class='ocrx_word' id='word_1_174' title='bbox 998 4320 1048 4370; x_wconf 86' lang='grc'>613</span> <span class='ocrx_word' id='word_1_175' title='bbox 1068 4318 1145 4371; x_wconf 85' lang='lat' dir='ltr'>adito</span> <span class='ocrx_word' id='word_1_176' title='bbox 1164 4316 1190 4369; x_wconf 89' lang='grc' dir='ltr'>Β</span> 
     </span>
     <span class='ocr_line' id='line_1_32' title="bbox 70 4399 624 4471; baseline 0.002 -18"><span class='ocrx_word' id='word_1_177' title='bbox 70 4399 115 4453; x_wconf 76' lang='grc'>614</span> <span class='ocrx_word' id='word_1_178' title='bbox 131 4403 228 4456; x_wconf 88' lang='lat' dir='ltr'>noetio</span> <span class='ocrx_word' id='word_1_179' title='bbox 248 4408 291 4456; x_wconf 85' lang='lat' dir='ltr'>est</span> <span class='ocrx_word' id='word_1_180' title='bbox 309 4402 418 4471; x_wconf 77' lang='lat' dir='ltr'>Umqua</span> <span class='ocrx_word' id='word_1_181' title='bbox 436 4403 463 4456; x_wconf 93' lang='lat' dir='ltr'><em>B</em></span> <span class='ocrx_word' id='word_1_182' title='bbox 532 4403 583 4456; x_wconf 77' lang='grc'>615</span> <span class='ocrx_word' id='word_1_183' title='bbox 602 4403 624 4456; x_wconf 80' lang='lat' dir='ltr'>si</span> 
     </span>
    </p>
   </div>
   <div class='ocr_carea' id='block_1_13' title="bbox 0 0 1459 5004">
    <p class='ocr_par' dir='ltr' id='par_1_13' title="bbox 0 0 1459 5004">
     <span class='ocr_line' id='line_1_33' title="bbox 0 0 1459 5004; baseline 0 0"><span class='ocrx_word' id='word_1_184' title='bbox 0 0 1459 5004; x_wconf 95' lang='lat' dir='ltr'> </span> 
     </span>
    </p>
   </div>
  </div>
 </body>
</html>
