2920 4998
282 485 341 543 562
747 477 936 532 Trinummns.

279 695 315 732 ex
338 674 427 733 verbo
450 676 613 750 exprimere
636 673 759 732 Plautus
783 695 842 732 non
866 675 988 744 solebat,
1018 679 1047 731 et
1069 674 1151 750 qnod
1174 693 1277 731 unum
1304 692 1341 728 ex
1363 673 1405 727 illa

277 776 379 836 fabula
407 776 548 835 laudatur
581 775 793 852 fragmentum,
833 775 940 836 Athen.
969 775 1012 834 lX
1039 798 1068 855 p.
1099 778 1159 836 385
1193 797 1228 833 e:
1275 775 1334 832 Oa’e
1361 775 1405 830 ἔστ’

279 881 380 950 ἀληθὲς
403 879 621 956 παραλογίζεσθ’
645 879 701 936 οὐδ’
725 879 795 950 ἔχειν
818 879 923 956 ὀψάρια
946 881 1065 954 χρηστά,
1090 881 1119 938 in
1144 880 1334 937 Trinummo
1357 897 1406 934 non

278 985 440 1056 invenitur,
476 1003 543 1040 nam
576 1002 603 1040 v.
633 983 708 1054 479,
744 1001 831 1058 quem
867 982 1051 1040 Hermannne
1084 982 1114 1039 in
1142 983 1407 1058 'comparationem

279 1086 428 1159 allegavit,
452 1085 538 1143 nimis
561 1084 646 1160 longe
670 1083 762 1142 abest.

363 1188 426 1259 Quo
454 1191 588 1266 tempore
616 1185 691 1244 banc
717 1185 847 1244 fabulam
880 1186 1017 1245 docuerit
1046 1186 1184 1258 Plautus,
1224 1187 1407 1245 Ritschelins

277 1291 397 1368 Parerg.
422 1309 450 1366 p.
476 1291 536 1348 339
560 1275 623 1364 sqq.
647 1287 788 1362 indagare
811 1295 933 1348 conatus
956 1295 1009 1348 est.
1056 1285 1143 1347 Novi
1165 1292 1249 1348 enim
1281 1283 1405 1349 aediles.

277 1397 329 1471 qui
358 1416 384 1452 v.
415 1395 475 1453 990
505 1397 786 1462 commemorantur,
821 1391 981 1467 significari
1008 1392 1146 1450 videntur
1179 1412 1289 1469 nuper
1322 1393 1405 1464 megi·

277 1491 404 1556 stratum
436 1499 572 1571 ingressi.
633 1493 689 1564 Qui
730 1513 819 1570 quum
859 1515 952 1571 usqne
986 1493 1023 1552 ad
1057 1514 1164 1552 annum
1204 1497 1268 1554 153
1311 1495 1406 1552 Idibus

278 1600 394 1658 Martiis
418 1601 619 1674 magistratum
643 1598 768 1667 inirent,
799 1597 875 1668 ludi,
905 1597 1013 1674 quibus
1033 1597 1136 1656 fabula
1164 1603 1237 1655 acta
1265 1605 1333 1661 est,
1363 1617 1405 1654 ne·

277 1722 357 1762 cesse
391 1708 437 1758 eet
470 1701 548 1758 hunc
581 1699 658 1756 diem
692 1701 826 1774 proxime
859 1703 1040 1776 exceperint.
1098 1701 1203 1777 ltaque
1240 1701 1405 1775 Megalesia

277 1805 406 1875 luerunt,
431 1823 490 1861 non
507 1802 633 1861 Romani
650 1808 702 1860 aut
723 1801 844 1879 plebeii,
868 1805 918 1878 qui
940 1803 1030 1876 longo
1052 1802 1212 1862 intervallo
1238 1804 1279 1861 ab
1295 1789 1405 1862 'Idibus

277 1907 395 1966 Martiis
417 1905 578 1964 distabant.
623 1905 787 1978 Megalesia
810 1912 907 1964 sutem
931 1926 956 1962 a.
979 1908 1037 1964 194
1056 1905 1173 1964 demum
1196 1909 1317 1966 scenici
1342 1907 1406 1964 facti

277 2016 355 2082 sunt,
379 2009 457 2067 unde
479 2009 613 2085 sequitur
635 2009 839 2066 Trinummnm
868 2015 937 2086 post
965 2028 1032 2066 eum
1059 2029 1166 2068 annum
1196 2015 1303 2067 actum
1337 2029 1404 2066 esse.

277 2114 347 2185 Qua
369 2132 460 2189 quum
483 2110 641 2170 admodum
665 2113 809 2187 sagaciter
832 2111 982 2188 disputata
1005 2113 1078 2183 sint,
1106 2118 1207 2170 tamen
1234 2133 1300 2170 nou
1331 2113 1405 2171 omni
1450 2099 1451 2160 l

276 2215 416 2292 scrupulo
451 2219 566 2286 cerent3
605 2233 671 2271 nam
704 2216 734 2272 in
767 2214 899 2288 legitimo
933 2219 965 2271 et
995 2213 1144 2272 ordinario
1177 2233 1282 2272 rerum
1321 2233 1405 2273 cursu

277 2320 364 2377 nimis
393 2319 486 2377 otiose
514 2319 582 2374 novi
612 2316 750 2375 dicuntur
779 2315 879 2374 aediles
900 2317 999 2394 Aprili
1023 2336 1133 2387 mense,
1167 2335 1262 2392 quum
1288 2315 1405 2392 antiqui

276 2419 377 2478 ldibne
400 2420 516 2479 Martiis
539 2439 602 2478 esse
626 2407 785 2478 desierunt.
832 2419 928 2490 Quare
950 2423 1047 2478 nescio
1070 2439 1107 2478 an
1130 2437 1177 2477 ree
1193 2419 1302 2497 aliqua
1322 2420 1405 2478 nobis

274 2523 377 2598 ignita
400 2525 429 2580 in
452 2522 627 2598 republica
644 2523 775 2580 Romana
795 2520 938 2580 acciderit
961 2541 995 2580 eo
1018 2542 1105 2594 anuo,
1129 2543 1188 2598 quo
1211 2521 1277 2580 haec
1303 2523 1404 2580 fabula

277 2631 343 2684 scta
364 2628 413 2684 sit.

362 2727 503 2786 Fabulam
532 2747 589 2785 non
620 2729 725 2803 exig-na
752 2728 840 2787 lande
868 2726 987 2803 dignam
1018 2728 1199 2786 recentiores
1223 2736 1327 2804 pcetae
1351 2747 1401 2786 aar·
1451 2709 1452 2718 ἵ

275 2831 341 2907 pius
358 2833 464 2889 imitati
482 2837 560 2889 sunt.
607 2829 682 2888 Hinc
700 2831 775 2887 enim
792 2832 920 2906 primum
937 2829 1030 2889 Italus
1047 2831 1171 2889 loannes
1183 2829 1283 2888 Maria
1297 2831 1402 2890 Cecchi

276 2933 404 2992 fabulam
428 2936 588 3008 expressit,
613 2951 678 3008 qum
700 2933 873 2990 inscribitur
899 2933 960 3004 „La
979 2929 1080 3006 dote“,
1109 2940 1172 2991 tum
1197 2933 1308 2992 Gallus
1334 2933 1401 2992 Des

275 3037 396 3094 touches
416 3035 476 3110 „Le
499 3037 596 3093 trecor
619 3033 741 3106 cache“;
765 3035 893 3112 denique
911 3035 1057 3109 Lessingii
1080 3034 1153 3109 „der
1176 3035 1307 3094 Schats“
1336 3037 1401 3094 inde

275 3140 400 3216 pendet,
432 3159 468 3197 ne
491 3158 540 3195 eos
563 3157 799 3209 commemorem,
823 3140 874 3213 qni
898 3140 1025 3195 minores
1048 3139 1110 3196 eins
1133 3143 1235 3217 partes
1258 3141 1289 3196 in
1316 3159 1400 3196 suurn

276 3260 360 3300 usum
384 3246 603 3300 converterunt.
673 3259 675 3266 ·

360 3344 546 3404 Ambrosiam
573 3344 758 3420 palimpsesti
787 3342 824 3400 ad
852 3341 1056 3402 Trinummnm
1089 3342 1310 3401 emendandum
1343 3365 1400 3402 non

276 3447 399 3523 exiguus
422 3465 492 3505 usus
520 3447 584 3505 fuit.
642 3445 770 3504 Exstant
798 3446 876 3502 enim
905 3445 1065 3519 schedula,
1100 3465 1167 3522 quae
1195 3465 1301 3504 versus
1332 3467 1399 3504 con-

275 3554 430 3610 tinuerunt
467 3549 584 3620 1—-96,
627 3549 806 3616 173-569,
843 3548 1004 3621 639-73,
1039 3550 1202 3618 rae-74,
1237 3549 1399 3608 836-63,

278 3655 453 3724 1045-78,
473 3670 597 3728 quarum
618 3653 712 3708 maior
730 3652 889 3727 persentis
909 3652 985 3710 bene
1002 3651 1105 3709 habita
1121 3659 1176 3720 est,
1194 3651 1254 3708 rid.
1267 3647 1399 3710 mesen!

275 3755 358 3832 praef.
377 3778 406 3832 p.
425 3753 488 3812 XV.
554 3753 659 3829 ltaque
686 3754 768 3812 nulla
795 3756 940 3829 integrior
963 3755 1001 3812 ed
1022 3775 1075 3813 nos
1098 3755 1235 3831 pervenit
1258 3753 1398 3812 Plautina

275 3857 384 3915 fabula.
439 3857 512 3914 Nam
540 3863 574 3915 ut
602 3858 794 3915 concedemus
823 3856 871 3914 hic
893 3877 1011 3932 quoque
1035 3857 1151 3933 aliquos
1175 3876 1276 3914 versus
1299 3857 1397 3913 aliens

276 3979 365 4016 manu
388 3959 505 4017 additos
523 3980 587 4016 esse
607 3966 639 4015 ut
660 3963 707 4030 65,
733 3960 867 4031 73-75,
893 3961 941 4030 94,
967 3960 1026 4018 709
1051 3980 1104 4035 eq.‚
1130 3961 1201 4030 764,
1227 3960 1297 4026 768,
1324 3962 1394 4026 771,

276 4063 352 4132 793,
383 4063 457 4132 817,
489 4063 562 4132 832,
594 4063 754 4132 ets-60,
782 4065 812 4119 et
834 4060 1021 4119 intercidisse
1045 4062 1158 4139 aliquid
1181 4069 1248 4120 aute
1271 4081 1296 4118 r.
1324 4064 1395 4123 736.

275 4164 355 4240 quod
378 4164 555 4222 Ritechelins
585 4167 614 4222 in
645 4171 778 4222 extrema
805 4168 891 4240 parts
921 4163 1028 4222 fabulae
1051 4184 1173 4241 magnas
1195 4161 1252 4222 sibi
1273 4164 1394 4222 lacunas

275 4267 417 4343 indagare
445 4267 524 4324 visus
555 4273 616 4339 est,
645 4269 675 4326 in
697 4285 813 4324 eonon
836 4269 931 4324 minus
960 4285 1027 4324 eum
1056 4267 1121 4324 felli
1142 4273 1282 4343 putamus
1303 4285 1391 4342 qnam

220 4449 224 4458 Ι
275 4372 305 4426 in
327 4371 485 4447 plerisque,
509 4387 583 4442 quae
607 4369 831 4440 commendavit,
856 4389 991 4426 versuum
1015 4367 1305 4447 transpositionibus.
