2862 5008
252 494 314 554 ‘294
775 489 866 543 Plauti
1157 489 1210 557 111,
1227 491 1255 555 6,
1274 489 1355 540 12-61

689 678 940 745 Lesbonicus

252 787 386 852 Nullum
420 786 614 852 beneficium
648 808 720 852 esse
754 788 837 853 duco
870 788 913 867 id,
946 789 1034 873 quod
1063 791 1142 873 quoi
1175 788 1277 854 facias
1303 811 1356 854 non
1415 849 1416 852 ,

966 897 1086 980 placet.
1317 915 1359 968 eso
1415 947 1416 958 ι

252 1005 326 1070 Scio
344 1025 404 1088 ego
423 1011 455 1068 et
473 1005 578 1070 sentio
596 1005 667 1088 ipse
679 1004 759 1088 quid
772 1025 878 1086 agam,
896 1026 1003 1088 neque
1020 1027 1110 1071 mens
1122 1005 1230 1072 officio
1244 1008 1357 1089 migrat,
1415 1037 1416 1084 g

253 1113 322 1178 Nec
343 1113 409 1177 tuis
432 1111 578 1195 depellar
601 1112 708 1192 dictis,
732 1114 809 1198 quin
832 1115 955 1179 rumori
977 1115 1127 1179 seruiam.

713 1283 917 1367 Lysiteles

255 1392 340 1470 Quid
369 1393 442 1457 aisl
477 1411 553 1457 nam
581 1392 715 1456 retineri
744 1413 873 1476 nequeo
901 1395 980 1478 quin
1004 1393 1108 1459 dicam
1132 1414 1170 1458 ea
1193 1415 1275 1478 quae
1296 1416 1359 1477 pro·

967 1522 1088 1566 meros:
1415 1559 1416 1588 p

254 1610 328 1675 Itan
351 1609 483 1675 tandem
505 1607 590 1673 hanc
614 1608 751 1674 maiores
773 1607 893 1675 famam
916 1609 1124 1676 tradiderunt
1145 1609 1207 1674 tibi
1229 1610 1285 1689 tui,
1415 1593 1416 1602 ¹

253 1720 297 1786 Ut
320 1719 443 1784 uirtute
467 1737 579 1782 eorum
602 1723 775 1799 anteparta
799 1739 857 1802 per
880 1716 1040 1800 flagitium
1064 1718 1217 1802 perderes
1317 1733 1358 1787 645

254 1827 360 1910 Atque
383 1824 499 1891 honori
522 1831 726 1910 posterorum
749 1833 881 1892 tuorum
905 1833 942 1892 ut
963 1828 1062 1893 index
1083 1827 1199 1892 fieres?

254 1936 328 2001 Tibi
349 1943 507 2019 paterque
530 1953 675 2016 auosque
698 1934 828 2000 facilem
850 1935 929 2000 lecit
951 1943 984 2000 et
1006 1937 1137 2020 planam
1159 1937 1245 2000 uiam
1415 1929 1416 1944 ³

254 2045 304 2110 Ad
326 2043 551 2129 quaerundum
573 2042 745 2123 honorem;
768 2050 805 2108 tu
829 2042 935 2108 fecisti
959 2052 995 2108 ut
1018 2043 1163 2109 difficilis
1185 2043 1277 2124 foret,

255 2153 358 2238 Culpa
382 2173 530 2218 maxume
554 2157 587 2217 et
610 2151 736 2217 desidia
758 2153 887 2234 tuisque
911 2153 1023 2218 stultis
1044 2153 1200 2218 moribus.
1415 2221 1416 2244 3

254 2261 499 2344 Praecptanisti
523 2280 667 2324 amorem
689 2268 782 2325 tuum
804 2263 853 2326 uti
875 2262 993 2326 uirtuti
1016 2282 1242 2344 praeponeres.
1317 2275 1359 2328 660
1415 2245 1416 2308 l

254 2369 348 2434 Nunc
370 2377 402 2433 te
424 2369 488 2433 hoc
511 2375 609 2453 pacto
633 2368 739 2433 credis
762 2389 857 2452 posse
881 2376 1035 2453 optegere
1058 2369 1189 2434 errata?
1213 2367 1282 2440 aha,
1304 2387 1359 2431 non

969 2480 1017 2543 ita
1039 2485 1099 2542 est.

254 2584 341 2669 Cape
364 2586 407 2650 sis
428 2585 585 2650 uirtutem
610 2585 718 2650 auimo
743 2590 776 2650 et
799 2586 896 2651 corde
920 2586 1045 2669 expelle
1069 2586 1228 2651 desidiam
1251 2591 1314 2649 tuo.
1415 2591 1416 2596 ’

255 2695 292 2759 ln
315 2693 385 2759 foro
409 2714 543 2778 operam
561 2694 675 2757 amieis
694 2693 746 2772 da,
768 2714 809 2759 ne
827 2695 860 2758 in
879 2695 965 2760 lecto
983 2696 1117 2773 amicae,
1141 2701 1179 2759 ut
1195 2693 1306 2759 solitus
1321 2712 1358 2755 es.
1415 2693 1416 2780 ᾗ

255 2802 362 2886 Atque
392 2803 492 2867 istum
522 2822 580 2885 ego
609 2822 722 2882 agrum
752 2802 814 2866 tibi
840 2802 980 2886 relinqui
1009 2804 1050 2870 ob
1079 2823 1152 2868 eam
1181 2823 1250 2867 rem
1278 2803 1359 2866 enixe

969 2917 1097 2996 expet0‚
1415 2971 1416 2994 p

256 3017 300 3084 Ut
322 3017 383 3083 tibi
406 3020 449 3084 sit
471 3019 527 3103 qui
550 3025 583 3082 te
607 3020 769 3102 corrigere
792 3019 906 3103 possis,
930 3040 969 3083 ne
993 3021 1123 3085 omnino
1145 3019 1286 3103 inopiam
1316 3033 1358 3086 666
1415 3013 1416 3090 l

255 3125 349 3192 Ciues
374 3127 538 3192 obiectare
561 3129 688 3211 possint
710 3126 780 3208 tibi,
804 3147 886 3211 quos
910 3133 947 3192 tu
969 3129 1116 3193 inimicos
1139 3126 1251 3194 habes.

463 3369 465 3374 ¹
688 3297 941 3366 Lesbonicus

255 3406 374 3472 Omnia
397 3426 456 3489 ego
479 3408 583 3473 istaec
605 3428 690 3490 quae
712 3413 749 3472 tu
772 3407 855 3471 dixti
878 3407 962 3488 scio;
986 3406 1040 3472 uel
1063 3407 1285 3490 exsignauero,

255 3515 299 3581 Ut
321 3535 390 3579 rem
413 3517 556 3598 patriam
579 3523 613 3582 ot
634 3515 772 3599 gloriam
794 3516 954 3581 maiorum
976 3514 1137 3581 foedarim
1159 3536 1275 3580 meum.

254 3622 386 3689 Scibam
410 3631 447 3688 ut
470 3645 541 3690 esse
564 3645 614 3690 me
639 3625 780 3700 deceret,
803 3622 911 3688 facere
934 3642 999 3688 non
1023 3622 1155 3705 quibam
1179 3625 1288 3703 misen

340 3863 392 3916 640
410 3879 473 3917 cum
492 3863 537 3918 cni
554 3865 581 3917 Δ
638 3865 687 3917 641
708 3871 766 3916 mee
785 3860 878 3916 officiu
896 3859 948 3915 BG
1007 3861 1059 3914 642
1077 3860 1203 3929 depellor
1220 3859 1272 3917 Bc
1319 3859 1357 3912 614

254 3949 335 4001 Itane
388 3949 459 4002 hanc
477 3964 525 4004 om.
544 3947 597 4002 ΒΟ
646 3949 697 4002 646
715 3953 859 4003 anteuerta
876 3947 904 3999 A
955 3947 1006 4000 646
1024 3945 1127 3999 uindex
1183 3949 1234 4000 647
1252 3943 1357 4016 paterni

322 4033 390 4086 lacit
406 4032 460 4088 BG
508 4036 558 4089 648
577 4032 761 4088 difficiliuaO
809 4034 861 4086 649
880 4032 969 4102 Culpa
986 4031 1013 4084 B
1064 4033 1116 4086 660
1133 4027 1357 4102 praeoptaeuitid

252 4120 302 4172 661
322 4118 396 4172 iacto
415 4119 442 4173 A
502 4121 537 4174 ah
556 4119 606 4174 BG
661 4121 713 4172 662
731 4118 876 4172 deisidiam
893 4115 922 4170 B
979 4123 1028 4172 tua
1046 4118 1073 4170 Δ
1128 4118 1180 4172 663
1198 4118 1291 4172 amicis
1308 4131 1357 4184 ope

253 4203 356 4258 ramA
443 4204 480 4259 ha
498 4205 534 4258 da
552 4209 600 4259 ant
616 4204 761 4258 intellectu
785 4203 938 4273 (intellecto
958 4202 992 4270 0)
1015 4204 1102 4258 amice
1120 4201 1172 4258 BG
1254 4205 1301 4257 664
1316 4216 1357 4268 ego

254 4291 340 4343 istum
359 4289 409 4344 BG
479 4292 589 4344 menixe
607 4289 641 4355 B,
660 4289 782 4344 enxieO
849 4293 899 4344 667
917 4291 973 4343 iata
990 4288 1024 4355 Β,
1044 4288 1150 4343 iaticO
1216 4289 1303 4342 dixisti
1319 4283 1360 4340 BC

254 4377 305 4431 669
325 4375 453 4430 Sciebam
471 4374 523 4430 ΒΟ
