2890 5004
252 471 314 530 414
766 463 859 518 Persa.

250 662 294 718 ita
310 658 511 732 Ladewigium
536 656 661 716 offendit
679 651 840 733 (Philolog.
853 656 938 714 XVII
955 677 984 733 p.
998 642 1059 713 2474
1072 651 1161 730 sqq),
1183 659 1219 712 ut
1238 656 1378 730 priorem

251 764 314 820 eius
343 765 458 838 partem
489 760 588 818 multis
618 760 730 817 lacunis
758 759 903 816 laborare·
925 761 1072 830 censeret,
1107 759 1138 815 in
1168 758 1248 815 exItn
1274 763 1378 815 autem

252 869 320 940 post
342 863 493 922 venditam
515 864 644 940 parasiti
665 861 756 920 liliam
780 863 947 938 argumenti
969 861 1119 919 enarratio
1146 865 1232 918 tanta
1252 861 1379 920 festina·

250 968 332 1025 tione
360 967 581 1044 praecipitatur,
611 970 647 1023 ut
674 964 853 1023 Ritschelius
884 958 981 1042 (praef.
1009 983 1038 1038 p.
1062 957 1119 1039 IX)
1150 982 1214 1021 eam
1243 983 1378 1032 scenam,

252 1089 315 1144 quae
338 1070 427 1144 vulgo
447 1087 525 1126 nona
541 1074 715 1126 numeratur
732 1073 814 1126 actus
834 1068 942 1142 quarti,
965 1086 983 1123 a
1000 1066 1188 1124 diasceuasta
1203 1067 1235 1124 in
1251 1065 1378 1124 brevius

252 1177 435 1230 contractam
453 1191 516 1228 esse
533 1175 688 1228 statueret.
724 1169 864 1228 Goetzius
876 1190 946 1228 vero
958 1163 1036 1245 (Act.
1049 1188 1108 1228 soc.
1121 1167 1224 1245 philol.
1237 1167 1323 1244 Lips.
1336 1169 1378 1225 Vl

251 1296 281 1351 p.
307 1276 366 1331 300
390 1267 465 1349 sqq.)
495 1293 584 1349 quum
607 1274 767 1349 Ladewigii
795 1272 996 1330 dubitationes
1026 1273 1112 1347 parvi
1141 1273 1287 1329 momenti
1312 1291 1377 1330 esse

252 1379 410 1448 existimet,
435 1379 477 1433 ita
487 1375 642 1433 Ritsclielii
660 1379 806 1433 rationem
824 1375 1023 1451 amplectitur,
1040 1381 1075 1432 ut
1092 1376 1179 1432 etiam
1195 1375 1226 1431 in
1244 1375 1376 1451 reliqna,

253 1499 318 1557 quae
340 1499 458 1536 scenam
486 1499 576 1555 supra
604 1478 711 1535 dictam
740 1482 888 1555 sequitur,
916 1478 1024 1536 fabulae
1050 1483 1139 1554 parte
1165 1477 1301 1534 eiusdem
1327 1479 1377 1534 ho-

252 1585 338 1641 minis
361 1602 481 1658 operam
504 1575 644 1655 agnoscet
667 1581 843 1639 brevitatem
870 1583 957 1640 nimis
980 1582 1113 1638 amantis.
1165 1579 1316 1656 Equidem
1343 1586 1377 1636 nt

253 1705 329 1762 smpe
352 1684 488 1742 addendo
506 1684 662 1743 histriones
680 1691 711 1741 et
727 1686 932 1759 grammaticos
949 1683 1094 1746 Plautinis
1111 1683 1219 1742 fabulis
1237 1686 1375 1742 nocuis-ss

252 1789 349 1859 video,
372 1791 417 1846 ita
438 1789 646 1846 contractionis
668 1792 751 1844 certa
772 1787 907 1864 exempla
928 1789 1059 1864 requiro,
1087 1806 1141 1844 nec
1169 1785 1241 1862 quid
1262 1788 1296 1843 in
1321 1787 1374 1844 bar

253 1911 284 1949 re
307 1894 369 1966 ipse
393 1892 516 1949 Plautus
538 1888 595 1947 sibi
617 1891 801 1966 permiserit,
831 1909 876 1946 me
899 1890 974 1948 scire
996 1888 1093 1946 credo.
1148 1890 1245 1960 Quare
1271 1889 1373 1946 dicere

252 1994 387 2064 sufficiat,
410 1998 445 2051 ut
468 1993 632 2050 Horatiano
655 1993 746 2051 verbo
769 1998 847 2063 utar,
876 1994 905 2050 in
932 1993 1014 2050 nulla
1036 1992 1136 2050 fabula
1163 1994 1255 2066 magis
1283 2013 1372 2068 quam

252 2099 282 2154 in
311 2098 366 2154 hac
393 2095 465 2153 milri
495 2095 633 2153 Plautum
662 2096 756 2153 videri
783 2115 842 2154 non
871 2094 1016 2154 adstricto
1045 2113 1130 2152 socco
1158 2095 1274 2172 pulpita
1307 2115 1372 2170 per·

253 2219 379 2258 currere.
430 2196 515 2269 Quod
544 2203 642 2256 autem
671 2217 766 2275 nuper
793 2218 851 2256 van
873 2197 1019 2272 Ijsendijlr
1040 2199 1176 2272 Batauus¹
1199 2191 1250 2274 (de
1271 2197 1372 2256 Plauti

253 2303 351 2372 Persa,
381 2301 511 2359 Traiecti
534 2301 572 2358 ad
595 2300 629 2358 R.
657 2296 751 2376 1834)
780 2301 899 2360 Persam
930 2322 966 2360 ex
994 2301 1108 2360 duabus
1137 2300 1245 2358 fabulis
1273 2307 1370 2358 eonta-

253 2407 393 2463 minatam
410 2423 483 2476 esse,
507 2409 537 2460 et
553 2404 583 2462 in
602 2403 704 2463 Graeco
723 2405 882 2481 exemplari
898 2424 957 2464 non
973 2423 1125 2463 servornm
1143 2403 1194 2461 sed
1210 2404 1370 2463 liberorum

252 2507 403 2566 hominum
426 2511 528 2583 partes
550 2508 642 2565 fuisse
664 2509 885 2583 pronuntiavit,
913 2507 943 2564 id
972 2509 1113 2567 novitatis
1136 2526 1223 2566 causa
1249 2527 1370 2566 comme·

254 2629 345 2682 moro,
369 2615 542 2685 argumenta
562 2611 625 2666 veri
648 2611 755 2668 similia
783 2610 927 2670 desidero.

339 2713 434 2772 Graeci
464 2714 593 2771 auctoris
622 2733 728 2772 nomen
749 2714 913 2787 ignoratur.
965 2712 1027 2770 Nec
1049 2711 1145 2786 magis
1167 2717 1290 2784 constat,
1313 2733 1369 2788 quo

254 2837 330 2874 anno
343 2816 445 2873 fabula
461 2814 562 2873 Romae
580 2820 646 2872 acta
657 2818 704 2874 sit.
750 2815 936 2892 Ladewigius
948 2814 1066 2892 quidem
1077 2807 1191 2890 (Ueber
1202 2815 1258 2873 den
1269 2815 1368 2873 Xanon

254 2919 307 2976 des
319 2919 469 2976 Volcatius
487 2917 636 2994 Sedigitus
653 2939 681 2995 p.
697 2911 748 2994 39)
768 2919 804 2976 ad
823 2938 932 2976 annum
947 2919 1006 2976 197
1026 2938 1052 2976 a.
1065 2917 1133 2975 chr.
1146 2919 1237 2976 refert
1247 2925 1366 2995 propter

253 3022 391 3080 ludorum
414 3022 589 3079 circensium
610 3022 787 3079 mentionem
811 3015 850 3094 (v.
877 3023 937 3080 200
961 3027 991 3080 et
1013 3017 1098 3093 435),
1124 3041 1199 3097 quos
1222 3021 1273 3078 illo
1293 3041 1364 3078 anno

254 3124 488 3201 magnificentius
511 3144 598 3200 quam
622 3125 695 3182 alias
718 3125 813 3182 factos
830 3145 895 3184 esse
917 3129 1021 3183 narrat
1041 3124 1145 3183 Livius
1164 3121 1300 3194 XXXIII,
1319 3125 1363 3192 25,

253 3229 416 3303 praesertim
441 3246 530 3304 quum
555 3229 644 3285 etiam
673 3226 781 3286 bellum
805 3229 982 3288 exstinctum
1004 3247 1031 3285 v.
1057 3229 1116 3286 751
1141 3245 1283 3303 regesque
1304 3223 1363 3282 Phi·

253 3331 353 3406 lippus
383 3335 414 3387 et
440 3330 561 3388 Attalus
589 3350 615 3388 r.
647 3331 706 3388 338
737 3337 1013 3389 commemorentur.
1069 3331 1141 3402 Qum
1169 3332 1268 3388 omnia
1287 3328 1362 3405 parri

255 3434 396 3492 momenti
427 3452 490 3490 esse
513 3433 613 3492 docuit
639 3433 780 3493 Goetzius
809 3435 839 3491 in
862 3433 939 3492 Mus.
969 3433 1102 3492 Rhenan.
1129 3432 1215 3490 XXX
1242 3452 1271 3508 p.
1300 3431 1359 3488 162.

255 3536 312 3595 Sed
336 3536 428 3594 nihilo
450 3538 588 3611 graviora
615 3542 687 3595 sunt
709 3558 744 3596 ea
766 3541 948 3613 argumenta,
979 3535 1086 3612 quibus
1109 3537 1173 3613 ipse
1195 3535 1317 3594 fabulam
1338 3553 1358 3588 a.

258 3641 316 3698 186
345 3645 440 3696 actem
469 3658 532 3696 esse
559 3639 688 3715 probare
716 3645 857 3712 conatur,
891 3639 1004 3698 seilicet
1036 3645 1161 3717 propter
1195 3639 1274 3698 illins
1298 3636 1358 3693 anni

255 3741 390 3800 ludorum
413 3743 592 3800 mentionem
616 3741 696 3818 apud
719 3741 783 3800 Liv.
806 3739 943 3814 XXXIX,
970 3743 1020 3800 22.

340 3947 536 4006 Personarum
569 3949 687 4006 nomina
721 3947 825 4006 Gracc
857 3953 940 4020 sunt,
981 3967 1018 4004 ne
1051 3941 1222 4006 Saturium
1253 3944 1356 4023 quidem

256 4056 393 4126 excepto,
428 4069 604 4126 quamquam
632 4051 755 4108 Plautus
783 4053 955 4126 Σατυρίωνα,
989 4068 1048 4125 quo
1078 4051 1197 4110 nomine
1225 4050 1356 4127 parasitus

255 4153 439 4230 appellatur,
475 4153 593 4212 ridiculi
621 4174 711 4212 cansa
734 4174 751 4210 a
773 4154 883 4212 Latino
912 4153 1073 4224 adiectivo,
1107 4153 1188 4228 quod
1216 4157 1259 4210 est
1278 4155 1355 4216 satur,

255 4255 385 4326 deducit,
407 4261 441 4313 ut
464 4257 563 4329 aptius
585 4255 774 4314 Essurionem
798 4277 862 4314 eum
888 4255 1032 4332 appellari
1056 4255 1144 4327 dicat,
1173 4278 1200 4314 v.
1227 4257 1292 4312 104.
1329 4251 1355 4308 ln

255 4361 344 4418 titulo
370 4382 394 4418 v.
420 4360 480 4418 328
504 4362 529 4415 Δ
556 4357 708 4432 ,Satyrio“
736 4359 833 4416 habet.
878 4358 1048 4416 Graecorum
1070 4359 1221 4416 nominum
1243 4357 1356 4416 rationes
