2930 5002
82 497 100 566 l,
119 505 145 568 2,
164 503 267 556 20—35
593 505 714 562 Rudens.

534 697 754 778 Sceparnio

80 799 153 866 Tibi
177 801 311 885 quidem
332 803 452 885 hercle,
475 806 626 892 quisquis
649 827 693 887 es,
716 826 867 889 magnum
893 806 1024 889 malum,

81 908 144 987 Qui
167 913 317 977 oratione
339 909 393 977 hic
415 921 595 997 occupatos
618 934 768 997 occupes.

514 1067 775 1148 Plesidippus

80 1171 210 1239 Isticine
233 1194 293 1240 uos
315 1175 499 1242 habitetis?

533 1313 753 1396 Sceparnio

540 1420 625 1499 Quid
648 1428 685 1490 tu
706 1422 742 1487 id
764 1423 954 1506 quaeritas?

81 1531 126 1592 An
151 1549 218 1612 quo
242 1529 385 1595 iuratum
408 1533 522 1596 uenias
544 1532 690 1613 uestiges
712 1530 807 1597 loca?

512 1667 770 1749 Plesidippus

80 1775 286 1841 Peculiosum
308 1795 380 1841 esse
403 1776 498 1861 decet
519 1799 649 1843 scruom
672 1785 706 1842 et
728 1778 878 1861 probum,

81 1882 182 1961 Quem
207 1905 262 1948 oro
285 1891 459 1968 praesente
481 1892 669 1969 praetereat
692 1873 807 1965 arctio,

80 1993 144 2058 dut
167 1992 225 2077 qui
246 1992 456 2058 inclementer
479 1995 570 2060 dicet
591 1995 714 2059 homini
738 1995 852 2062 libero.

531 2132 602 2197 Sco
635 2134 751 2198 orario

81 2240 123 2305 Et
143 2239 332 2324 inpudicum
354 2249 388 2305 et
411 2153 630 2324 inpudentend)
647 2241 808 2307 hominem
832 2240 970 2308 addecet

82 2349 253 2415 Molestum
275 2348 362 2415 ultro
385 2349 541 2414 aduenire
564 2350 604 2414 ad
630 2349 770 2415 alienam
793 2351 934 2430 domum,

82 2455 165 2534 Quoi
187 2455 348 2523 debeatur
369 2455 460 2523 nihil.

529 2595 750 2661 Daemones

508 2705 604 2783 Tace,
629 2705 817 2788 Sceparnio.

84 2809 165 2887 Quid
187 2833 279 2896 opus,
297 2812 517 2880 adulescens?

509 2957 770 3040 Plesidippus

550 3065 609 3131 Isti
632 3066 855 3144 infortunium,

86 3170 143 3249 Qui
164 3173 379 3256 praefestinet
399 3175 457 3240 ubi
480 3195 554 3240 erus
576 3174 663 3240 adsit
686 3175 866 3260 praeloqui.
978 3177 981 3184 ’

87 3277 145 3344 Sed
165 3283 228 3348 nisi
249 3282 425 3349 molestum
448 3290 507 3364 est,
530 3284 644 3368 paucis
667 3284 891 3368 percontarier

86 3386 162 3457 Uolo
184 3411 243 3475 ego
267 3412 307 3457 ex
329 3397 371 3457 te.

528 3499 747 3565 Daemones

424 3607 699 3693 Dabiturffopera,
722 3615 821 3690 atque
844 3610 877 3674 in
900 3611 1040 3692 negotio.

527 3763 747 3845 Sceparnio

89 3863 162 3944 Quin
184 3877 221 3936 tu
242 3872 278 3937 in
300 3871 454 3956 paludem
475 3873 505 3938 is
529 3873 719 3955 exsiccsque
741 3870 967 3952 harundinem,
1020 3901 1044 3966 f

89 3973 141 4054 tn
163 3987 371 4063 pertegamus
394 3980 515 4059 uillam,
540 3979 617 4046 dum
640 3979 813 4046 sudumst?

90 4129 278 4144 ἱ··”-----

180 4219 228 4274 109
245 4234 298 4273 nos
316 4217 361 4274 hic
380 4220 407 4274 B
517 4219 695 4288 ocupatosG
808 4222 853 4273 111
873 4219 998 4274 furatum
1015 4238 1083 4275 mox
1100 4223 1196 4277 uenias

92 4301 273 4444 llldmllffm
291 4301 319 4358 B
392 4303 559 4362 alienumO
626 4305 676 4359 122
694 4305 845 4376 exiguoque
862 4302 899 4370 Β,
917 4305 1141 4376 exagitatqued

158 4389 279 4448 n'oO
