2890 5004
265 439 327 500 448
780 433 871 490 Perse.

265 629 333 688 add.
354 629 421 688 Aul.
442 630 512 688 306.
527 659 570 670 -
588 631 659 689 647.
684 629 714 688 el
731 628 799 687 edd.
814 628 860 700 R.;
885 631 1011 691 aliorum
1030 635 1153 690 conatus
1171 631 1268 690 minus
1285 631 1384 690 felices

265 754 293 793 r.
305 732 441 792 Mueller.
455 731 579 792 Prosod.
591 751 621 810 p.
636 733 706 792 208.
727 761 763 772 -
785 724 997 795 bennecleri-tie
1012 729 1162 810 perdidit,
1181 735 1294 810 quippe
1314 753 1384 811 quos

265 857 319 895 suo
341 835 504 894 infortunio
526 835 651 894 miseros
673 833 849 893 reddiderit.
872 867 914 877 -
943 839 1015 897 648.
1043 836 1116 895 Post
1138 830 1254 896 Εηιαηι
1275 837 1383 895 hiatus.

265 939 300 999 R.
325 935 425 1012 „eum“
447 937 579 1012 eddidit3
601 938 707 997 melius
726 937 877 999 Mueller:
905 939 982 1012 „Tu
1002 937 1169 998 Etiernne“.
1203 933 1329 1012 Elium,
1351 941 1383 997 ci.

266 1045 302 1102 ed
326 1044 408 1102 Asin.
433 1043 503 1100 670.
528 1071 569 1082 -
602 1035 763 1116 „opinor“,
788 1041 823 1100 cf.
847 1042 915 1101 Ter.
940 1042 1033 1102 Andr.
1059 1043 1134 1102 367:
1161 1043 1247 1116 „Non
1271 1043 1384 1120 opiner,

265 1145 357 1205 Deus.
381 1145 446 1204 DA.
470 1144 585 1222 Opinor
607 1141 750 1202 narres?“
770 1172 812 1184 -
836 1145 906 1204 650.
934 1142 1029 1218 „ism“
1055 1165 1112 1204 om.
1137 1144 1236 1204 Guiet.
1256 1175 1300 1185 —
1319 1147 1384 1204 651.

271 1241 393 1308 Uoltum
411 1243 511 1308 luisse
521 1245 678 1320 Fleckeis„
702 1266 766 1306 cum
786 1265 845 1322 quo
864 1250 976 1325 optime
993 1249 1179 1325 coniungitur
1196 1243 1264 1308 leuc.
1303 1248 1382 1321 „hid
1430 1307 1431 1320 2

265 1371 367 1412 versus
396 1370 484 1410 ceusu
511 1349 719 1410 omittendum.
774 1349 809 1409 R.
831 1369 898 1408 cum
927 1350 1048 1410 Bothio:
1086 1349 1200 1426 „oderit
1228 1347 1320 1410 huc“.
1348 1381 1383 1393 -

265 1485 307 1494 -
324 1445 380 1514 obe
404 1453 432 1512 te
453 1451 540 1512 Both.
554 1481 595 1494 -
615 1453 686 1510 653.
711 1448 812 1525 eadee,
835 1454 933 1532 stupri
956 1473 1052 1512 causo.
1070 1484 1113 1493 -
1131 1455 1203 1514 655.
1228 1448 1323 1514 Satin
1346 1454 1383 1524 ct,

265 1579 293 1617 r.
318 1556 354 1615 od
379 1555 443 1614 Mil.
470 1557 560 1614 1128.
584 1585 627 1596 -
649 1549 745 1626 boloe,
770 1560 923 1633 questum,
947 1577 975 1617 r.
994 1557 1031 1616 od
1050 1556 1139 1616 Peon.
1157 1558 1225 1615 101.
1254 1587 1290 1596 -
1318 1559 1383 1616 656,

266 1655 343 1736 Aac,
367 1653 399 1717 si
420 1654 497 1736 quid
518 1654 601 1735 offis,
624 1677 651 1716 v.
676 1659 713 1716 od
737 1657 824 1735 Epid.
851 1661 920 1719 197.
944 1687 986 1699 -
1014 1653 1164 1719 Reddueo
1188 1659 1222 1718 R.
1248 1689 1290 1700 -
1322 1654 1383 1731 titi,

266 1762 471 1839 Sagaristioni.
495 1790 537 1802 -
561 1763 631 1820 658.
656 1755 711 1838 qui
731 1760 887 1840 Scioppius
910 1770 944 1820 ut
967 1764 1036 1822 587.
1065 1793 1099 1802 -·
1126 1757 1240 1830 indica.
1265 1783 1293 1822 r.
1318 1765 1384 1821 572.

269 1897 310 1906 -
334 1867 405 1924 659.
439 1859 532 1923 uideo
554 1863 716 1924 Acidelius.
767 1865 931 1924 Muellerus
960 1865 1039 1942 quod
1064 1865 1145 1924 Pros.
1173 1885 1203 1941 p.
1231 1867 1291 1924 188
1321 1885 1383 1923 con·

265 1969 427 2027 iunctivnm
457 1987 492 2026 ex
526 1965 627 2025 Plauti
660 1986 740 2025 more
772 1968 905 2045 positum
938 1967 1024 2040 dicit,
1059 1988 1113 2046 ego
1146 1968 1260 2026 nullum
1294 1969 1383 2026 simile
1432 2025 1433 2030 ,

267 2071 433 2148 exemplum
457 2071 535 2130 novi.
587 2069 647 2129 Sed
669 2069 747 2128 idem
771 2074 851 2129 recte
873 2069 951 2128 vidit
972 2072 1112 2130 vitiosum
1135 2090 1199 2129 esre
1224 2077 1279 2144 „ut
1299 2091 1381 2140 εωεε,

265 2171 378 2248 hebe“;
413 2194 446 2232 sc
468 2175 525 2231 ium
548 2172 688 2232 Guietus:
726 2173 840 2245 „uideo
886 2172 969 2232 Habe
991 2169 1078 2247 tibi“,
1102 2193 1171 2250 ogo:
1205 2168 1290 2232 Eam
1312 2167 1383 2232 heic

265 2271 330 2338 ilbi.
376 2279 402 2334 A
428 2277 570 2336 trecentis
597 2276 685 2334 minis
717 2281 753 2335 ut
785 2276 887 2334 stetim
921 2275 959 2334 ud
992 2277 1146 2350 octoginta
1179 2275 1381 2346 descendetur,

265 2380 330 2439 fieri
352 2399 411 2438 non
433 2381 539 2456 potest,
563 2398 581 2436 u
603 2383 720 2437 centum
743 2378 829 2437 focile
852 2377 1038 2454 intelligitur.
1084 2379 1209 2437 Accedit
1228 2378 1308 2454 quod
1326 2397 1381 2436 nou

265 2483 360 2544 solum
384 2482 407 2541 0
428 2483 529 2553 minse,
558 2480 610 2539 sed
633 2482 721 2540 etiem
746 2479 813 2553 LX,
843 2501 900 2557 quo
923 2482 1022 2560 pretio
1045 2481 1145 2558 puelle
1168 2483 1292 2554 emitur,
1317 2501 1380 2560 per·

266 2586 378 2662 grande
400 2585 530 2662 pretium
559 2589 637 2656 erat,
674 2583 709 2642 cl.
741 2582 844 2658 Polyb.
868 2583 1000 2657 XXXII,
1027 2587 1080 2657 11,
1114 2587 1146 2643 5:
1182 2586 1321 2656 τηλικαύτῃ
1349 2606 1381 2646 τις

265 2688 439 2746 ἐνεπεπτώκει
461 2687 525 2762 περὶ
546 2688 579 2744 τὰ
600 2689 708 2744 τοιαῦτα
731 2689 783 2743 τῶν
805 2686 892 2764 ἔργων
915 2686 1033 2764 ἀκρασία
1055 2693 1110 2754 τοῖς
1132 2691 1208 2755 νέοις,
1231 2690 1298 2744 ὥστε
1320 2690 1380 2744 noi·

267 2793 328 2854 loire
350 2793 395 2847 τὸν
418 2792 549 2866 ἐρώμενον
570 2790 729 2867 ἣγορακέναι
752 2791 889 2850 ταλάντου.
918 2792 956 2850 ad
979 2791 1068 2850 Most.
1093 2793 1164 2852 955.
1200 2789 1380 2868 Murquerdt

267 2893 350 2954 Rem.
375 2893 639 2952 Privatalterth.1
668 2915 697 2972 p.
730 2894 798 2952 181.
830 2923 870 2934 ·-
905 2895 966 2954 660
996 2914 1038 2971 sq.
1074 2888 1317 2970 hinc...qu0d‚
1349 2891 1379 2950 ol.

267 2996 373 3073 Amph.
388 2998 443 3054 38:
469 2994 545 3071 „huc
563 2996 691 3054 animum
708 3015 819 3071 omnes,
837 3016 913 3072 quoe
931 2997 1045 3074 loquer,
1069 2993 1252 3056 adueniret
1286 2995 1378 3054 Senec.

266 3099 366 3158 Beuel.
389 3097 454 3172 VII,
479 3102 507 3173 3,
534 3101 564 3159 l:
592 3104 752 3176 „quantum
776 3118 821 3172 eo,
845 3100 924 3177 quod
947 3098 1125 3175 inexplebile
1148 3104 1202 3175 est,
1226 3093 1377 3174 congeres“

267 3221 332 3260 oum
361 3207 461 3260 annot.
486 3201 608 3262 Gertnii.
640 3232 678 3243 -
711 3203 782 3262 662.
814 3196 882 3261 Tuo
897 3195 1036 3277 pericle,
1065 3202 1136 3277 quio
1158 3203 1306 3280 mancipio
1327 3220 1378 3260 non

266 3305 365 3378 datur,
388 3324 414 3361 r.
429 3307 500 3365 523.
521 3307 591 3364 530.
610 3333 648 3344 -
667 3304 739 3363 Post
753 3301 944 3382 „sexagints“
966 3304 1080 3379 histus;
1103 3303 1138 3363 R.
1164 3323 1230 3364 cum
1252 3304 1378 3364 Bentleio

268 3404 438 3484 „dubitur“.
465 3436 502 3448 -
534 3409 605 3467 663.
639 3403 717 3484 quid
743 3402 826 3483 ayo?
858 3407 1012 3467 eonsilium
1036 3409 1152 3485 quaerit.
1176 3436 1219 3446 —
1249 3407 1312 3482 „te“
1336 3425 1376 3462 on

265 3511 401 3587 Pylades.
431 3540 469 3550 -
503 3511 573 3570 664.
608 3504 678 3583 Eu,
713 3531 740 3570 v.
767 3513 836 3570 157.
870 3541 904 3550 -
936 3509 1008 3582 Quae
1036 3510 1103 3568 huic
1126 3510 1224 3568 versui
1247 3511 1278 3567 in
1299 3506 1374 3567 codd.

265 3613 425 3687 adduntur,
453 3612 563 3671 delevit
591 3613 676 3672 Both.
707 3641 752 3664 .-
786 3616 857 3674 665.
892 3613 923 3673 Si
952 3615 1110 3684 trecentis,
1145 3613 1258 3688 inquit,
1291 3610 1374 3678 minis,

265 3719 395 3789 emisses,
418 3735 475 3774 non
500 3734 567 3774 cero
590 3719 676 3790 esset,
707 3715 743 3774 cl.
766 3714 856 3775 Most.
882 3719 958 3776 290:
997 3718 1093 3788 „istuc
1115 3713 1239 3773 uerbum
1262 3714 1318 3772 uilo
1338 3717 1374 3769 est

266 3820 372 3896 uiginti
401 3813 517 3876 minie“.
563 3815 634 3896 Cet..
651 3837 698 3896 ep.
723 3817 825 3878 Senec.
849 3818 905 3895 Ep.
929 3820 978 3892 94,
1003 3820 1058 3878 27:
1085 3836 1169 3890 „osse
1191 3813 1320 3876 cernm“.
1339 3843 1374 3854 -

265 3915 372 3995 fecisti
393 3914 483 3993 lucri,
507 3920 543 3980 cf.
563 3923 634 3980 710.
671 3920 760 3980 Peon.
781 3923 852 3981 ⁷70.
886 3921 1005 3979 Trucul.
1026 3921 1098 3994 880,
1120 3919 1232 3978 dicitur
1253 3923 1287 3977 ut
1306 3937 1372 3977 oon·

265 4023 354 4099 pendi
378 4022 489 4097 fecere,
513 4023 599 4083 Truo.
624 4024 694 4083 374.
718 4023 807 4083 Poen.
834 4025 903 4083 348.
933 4053 976 4063 -
1003 4024 1075 4082 666.
1100 4037 1159 4098 pro
1182 4015 1373 4083 uestimentis.

265 4145 390 4202 qnorum
414 4126 590 4203 plerumque
612 4145 667 4184 sus
688 4127 848 4186 estimatio
871 4126 974 4200 fiebat,
1007 4145 1035 4184 v.
1059 4125 1096 4183 ud
1120 4125 1228 4185 Pseud.
1252 4127 1319 4185 344.
1339 4151 1372 4163 -·

267 4229 337 4288 667.
361 4222 538 4288 Abscedent
560 4221 652 4301 enlm,
675 4228 696 4285 i.
715 4247 740 4288 e.
760 4229 851 4287 immo
871 4227 1031 4288 abscedent
1049 4248 1067 4286 e
1084 4248 1139 4286 me.
1196 4227 1234 4288 Se
1256 4247 1311 4288 non
1332 4227 1372 4284 dn·

265 4337 364 4394 turum
384 4331 547 4408 significet;
571 4330 622 4389 sod
640 4337 779 4389 monente
797 4331 902 4391 Toxilo
924 4333 1003 4391 intro
1025 4331 1154 4402 sentinet,
1179 4335 1213 4389 ut
1232 4336 1371 4409 argentum
