2930 5002
137 503 184 572 11,
203 506 227 568 3,
248 507 313 559 1-9
648 501 770 557 Ruderia.

403 817 684 884 AMPELISCA.
732 815 1006 883 TRAGHALIO.

593 989 823 1071 Ampelisca

136 1100 320 1184 Intellego;
342 1099 436 1180 hanc,
460 1121 543 1184 quae
566 1119 727 1185 proxuma
749 1107 800 1164 est
822 1096 901 1162 uilla
924 1094 1059 1162 Ueneris
1082 1092 1168 1172 fano,

137 1208 282 1275 Pulsate
304 1210 429 1275 iussisti
452 1217 549 1293 alque
570 1229 690 1293 aquam
713 1226 839 1290 rogare.

600 1351 810 1415 Trachalio

884 1454 989 1532 Quoia
1011 1454 1053 1520 ad
1076 1455 1165 1521 auris
1217 1471 1269 1522 330

139 1549 220 1615 on
243 1547 320 1612 mihi
343 1546 539 1612 aduolauit?

592 1675 820 1757 Ampelisca

405 1786 557 1866 Obsecro,
580 1786 654 1869 quis
676 1783 730 1849 hic
752 1783 922 1866 loquitur?
945 1802 1040 1864 quem
1065 1802 1124 1865 ego
1147 1780 1266 1846 uideo?

603 1927 815 1992 Trachalio

141 2045 250 2110 Estne
278 2038 461 2122 Ampelisca
485 2037 573 2117 haee,
597 2057 681 2121 quae
703 2035 792 2102 foras
816 2057 832 2100 e
857 2035 933 2100 iano
957 2033 1145 2116 egreditur?

593 2191 816 2270 Ampelisca

1090 2297 1191 2362 Estne
1214 2295 1269 2361 hie

138 2407 327 2490 Trachalio,
350 2429 445 2493 quem
469 2410 650 2493 conspicor,
674 2407 801 2474 calator
823 2405 1024 2490 Plesidippi?

598 2561 810 2627 Trachalio

140 2671 236 2736 Eael.

591 2777 818 2859 Ampelisca

273 2887 306 2953 Ie
329 2892 389 2954 esi.
435 2887 617 2967 Trachalio,
642 2886 742 2952 salue.

597 3040 811 3107 Trachalio

780 3147 889 3226 Scalae,
912 3147 1107 3232 Ampelisca.

142 3235 231 3312 Quid
254 3237 325 3318 agis
348 3237 408 3300 iu?

591 3366 820 3447 Ampelisca

391 3475 542 3539 Aetatem
565 3474 652 3540 haud
676 3475 797 3539 malam
821 3474 915 3538 male.

598 3629 811 3694 Trachalio

902 3733 1020 3800 Melius
1044 3733 1198 3799 ominare.
1218 3749 1268 3804 aaa

594 3857 821 3937 Ampelisca

143 3963 268 4030 Uerum
292 3966 398 4030 omnis
421 3965 579 4049 sapientie
598 3964 697 4031 'decet
720 3963 868 4032 conferre
890 3971 924 4028 et
945 3961 1096 4028 fabulari.

143 4070 209 4138 Sed
232 4070 440 4156 Plesidippus
463 4079 540 4138 tuus
564 4093 639 4139 arus
664 4071 720 4136 ubi
743 4071 860 4137 amabo
884 4072 956 4140 est?

228 4313 280 4367 329
299 4311 392 4365 uillam
463 4311 514 4365 830
530 4315 560 4364 al
577 4327 718 4380 qusquam
788 4311 834 4364 eui
901 4311 952 4363 332
969 4308 1039 4364 haee
1057 4305 1152 4364 cmo
1216 4305 1266 4358 335

140 4397 217 4452 mala
234 4395 308 4451 male
327 4394 355 4450 B
423 4397 473 4451 837
491 4394 666 4466 plemdippue
684 4395 720 4464 B,
737 4394 917 4468 plenidippua
937 4394 960 4452 0
