2890 5004
245 485 308 547 420
758 479 850 533 Perse.

245 696 299 754 per
326 695 432 734 manus
459 671 647 735 iniectionem
675 669 715 746 (v.
747 677 796 733 71.
826 674 944 733 Trucul.
969 669 1044 749 752)
1078 681 1179 733 contra
1211 675 1372 752 quoedarn,

245 779 328 838 velut
348 779 534 837 feneratores
557 775 598 850 (v.
611 777 675 836 cat.
691 775 726 836 R.
739 775 775 833 R.
792 769 875 851 init.)
898 780 951 835 aut
972 777 1024 851 qui
1045 795 1107 834 reru
1129 777 1282 853 publicem
1311 799 1376 835 vec-

245 882 331 958 tigali
353 879 581 951 fraudaverant,
613 883 648 938 ut
669 879 776 937 Verres
799 878 829 935 in
851 877 948 936 edicto
971 877 1117 938 Siciliensi
1139 879 1260 948 babuit,
1288 901 1323 939 ee
1347 884 1376 938 in
1441 935 1442 968 ,

246 987 379 1042 aratores
400 981 542 1042 iudicium
565 985 596 1040 in
626 979 841 1058 quadruplum,
874 983 906 1039 in
934 981 1113 1041 decumanos
1141 984 1230 1040 etiam
1261 985 1297 1041 iu
1328 1004 1377 1042 oe·
1441 977 1442 1052 l

246 1085 362 1163 tuplum
391 1084 530 1144 daturum
563 1081 635 1158 (cie.
659 1083 743 1143 Verr.
767 1083 823 1156 III,
856 1085 909 1158 13,
941 1077 1008 1160 34).
1072 1084 1127 1155 Qui
1156 1085 1229 1142 talia
1258 1086 1378 1144 iudicio
1441 1085 1442 1110 ³

246 1188 515 1266 persequebantur,
543 1188 657 1264 praemii
679 1187 744 1246 loco
766 1190 881 1263 partem
904 1206 1021 1264 poene,
1055 1189 1181 1246 fortasse
1203 1187 1377 1259 dimidium,

247 1289 442 1366 accipiebant.
499 1291 564 1361 Quo
586 1291 694 1348 iactum
720 1293 779 1360 eet,
810 1293 844 1346 ut
871 1291 917 1346 aui
944 1295 1073 1366 quaestus
1100 1309 1188 1349 cauea
1217 1289 1276 1348 boc
1300 1309 1377 1368 opus

247 1397 418 1452 exercerent
445 1398 476 1450 et
498 1391 715 1470 quadruplatur
744 1391 850 1448 Latine
872 1390 950 1450 idem
973 1397 1059 1466 eeset,
1087 1392 1138 1469 qui
1160 1391 1263 1450 Graece
1290 1413 1377 1467 syco-

246 1496 374 1573 phanta,
404 1495 440 1554 cf.
464 1494 523 1553 cic.
546 1493 612 1552 Div.
637 1495 667 1551 in
690 1492 786 1552 cecil.
811 1495 839 1576 7,
865 1495 914 1554 24.
949 1493 1032 1552 Verr.
1056 1494 1098 1568 11,
1123 1496 1151 1568 7,
1176 1496 1228 1554 21.
1252 1497 1292 1567 8,
1327 1498 1377 1553 22.

246 1598 411 1657 Accusator
434 1602 533 1656 autem
557 1599 582 1655 ei
605 1617 663 1655 non
692 1595 773 1654 ornni
794 1597 926 1672 periculo
948 1596 1024 1654 liber
1046 1601 1122 1674 erat,
1153 1617 1219 1654 nam
1243 1597 1377 1655 Athenis

247 1702 299 1778 qui
320 1701 452 1776 quintam
475 1702 689 1758 sententiarum
717 1703 833 1776 partem
862 1719 921 1758 non
948 1699 1076 1773 tulerat,
1112 1699 1192 1758 mille
1221 1699 1379 1758 drachmis
1442 1747 1443 1782 3

246 1802 439 1877 multabatur,
463 1804 561 1861 Rome
584 1802 736 1861 calumnie
759 1802 835 1860 ectio
859 1807 933 1874 eret,
956 1807 1055 1860 temen
1077 1807 1137 1860 tem
1155 1802 1300 1876 exiguum
1320 1803 1377 1860 boc

124 1977 126 1984 .
248 1906 413 1984 periculum
436 1912 509 1978 erat,
533 1912 568 1964 ut
588 1904 651 1962 iere
674 1903 788 1962 nullum
811 1903 972 1978 videretur,
1000 1906 1078 1964 unde
1100 1925 1127 1963 v.
1152 1906 1191 1962 64
1213 1901 1285 1962 sine
1308 1920 1378 1963 meo

242 2003 379 2083 pericl03
402 2027 455 2066 nec
477 2009 538 2067 ullo
561 2007 649 2067 modo
670 2005 793 2084 probari
814 2011 924 2082 potest,
948 2007 1027 2085 quod
1046 2007 1177 2082 Scaliger
1197 2013 1229 2066 et
1250 2008 1288 2066 R.
1314 2029 1379 2066 ver

178 2087 185 2097 ¹
248 2130 333 2170 suum
370 2113 407 2170 63
443 2117 473 2169 et
510 2112 549 2170 64
583 2110 717 2168 ordinem
750 2111 911 2168 invertunt.
945 2139 983 2150 -
1019 2112 1067 2170 65.
1093 2089 1211 2184 ,Plane
1245 2109 1374 2188 loquarg

247 2213 411 2286 Bergkiua,
441 2218 476 2272 ut
499 2213 535 2271 ab
557 2214 643 2272 initio
666 2213 696 2270 iu
719 2210 782 2271 cod.
807 2210 829 2269 (l
851 2213 917 2285 fuit,
948 2212 1001 2272 sed
1023 2211 1124 2271 eadem
1147 2231 1235 2271 mann
1258 2231 1379 2271 correa-

249 2322 322 2375 tnm.
347 2311 387 2354 „2
412 2317 450 2374 66
474 2335 541 2393 sqq.
564 2317 647 2394 quasi
666 2317 840 2391 gravissime
857 2320 1012 2394 corruptos
1029 2313 1171 2374 Goetzius
1188 2315 1263 2374 bine.
1279 2315 1377 2374 Rben.

248 2417 334 2476 XXX
355 2438 384 2494 p.
412 2419 470 2476 170
500 2418 625 2475 licenter
655 2415 800 2494 refingere
828 2424 966 2490 conatur;
1000 2418 1054 2476 sed
1081 2417 1162 2476 nulla
1189 2417 1251 2475 fere
1280 2427 1377 2477 muta·

248 2521 327 2579 tione
356 2541 431 2597 opus
460 2526 515 2578 est.
568 2523 606 2579 67
632 2526 661 2578 et
684 2523 723 2579 68
747 2525 777 2579 et
800 2522 838 2580 70
862 2521 962 2580 hiatur
990 2522 1020 2579 iu
1050 2539 1176 2593 resera,
1206 2521 1245 2579 68
1274 2528 1376 2579 autem

250 2624 337 2682 etiam
359 2629 428 2698 post
453 2617 618 2698 „fidelem“,
649 2626 683 2679 ut
709 2624 740 2680 in
763 2624 819 2682 boc
842 2622 959 2701 quidem
983 2643 1070 2682 versu
1093 2622 1205 2699 aliquid
1227 2623 1376 2682 excidisse

250 2724 396 2784 videatur.
426 2755 467 2766 -
495 2719 620 2784 artimus
649 2719 770 2798 induci,
806 2725 842 2784 cf.
872 2725 970 2782 Madv.
995 2723 1045 2783 (ir.
1070 2725 1139 2784 Lat.
1164 2727 1225 2785 389
1254 2732 1285 2784 et
1317 2727 1373 2784 Be·

251 2827 433 2904 merlruugen
462 2847 491 2904 p.
519 2829 567 2886 11.
599 2857 635 2866 -
667 2828 717 2886 69.
748 2822 922 2904 Ieyirupam
951 2827 997 2886 ed.
1020 2848 1065 2906 pr.
1090 2828 1147 2901 Qui
1173 2831 1217 2887 rei
1245 2829 1376 2907 publicar

251 2949 339 2988 causa
370 2930 401 2987 id
434 2929 539 3002 iaciat,
580 2949 646 2988 eum
679 2931 722 2988 ait
755 2949 786 2988 ee
820 2931 929 2990 bonum
963 2931 1054 2988 civem
1095 2933 1278 3003 existimere;
1323 2933 1374 2990 sed

250 3037 315 3090 tum
348 3037 488 3109 oportere
512 3027 584 3090 'enm
617 3030 757 3091 damnato
791 3051 841 3092 reo
875 3032 1028 3092 dimidium
1063 3036 1178 3112 premii
1211 3037 1242 3093 in
1273 3034 1374 3112 publi·

252 3153 317 3194 cum
352 3136 495 3193 conferre.
563 3135 597 3192 R.
627 3134 703 3194 mele
736 3133 842 3194 edidit:
880 3134 951 3208 ,Set
982 3137 1014 3195 ni
1045 3136 1211 3216 legirupam
1245 3136 1372 3210 damnet,

252 3233 334 3295 det“.
378 3236 472 3295 Immo
495 3238 631 3316 proximo
654 3257 742 3298 versu
764 3238 857 3296 multo
880 3240 1020 3296 maiorem
1043 3257 1168 3315 poenam
1187 3242 1214 3298 ei
1237 3241 1369 3315 intendit,

251 3357 310 3397 nou
333 3339 463 3398 dimidie
493 3342 597 3418 partis,
626 3339 678 3398 sed
705 3340 809 3400 totius.
834 3369 875 3381 -
898 3342 949 3399 70.
981 3336 1017 3400 in
1039 3357 1076 3401 ea
1098 3337 1178 3419 leffe,
1203 3362 1293 3419 quam
1315 3345 1370 3420 eig-

250 3439 384 3502 uificavit
412 3443 601 3501 antecedenti
629 3462 717 3502 vereu
742 3439 842 3516 ,det“.
897 3439 1087 3504 adscribitur
1114 3444 1225 3504 Douse.
1266 3445 1298 3504 Si
1326 3449 1368 3504 in-

250 3544 383 3606 finitivus
406 3545 579 3604 retinendus
602 3551 660 3621 eet,
690 3547 851 3606 scribatur:
886 3548 917 3604 in
945 3566 980 3606 eo
1006 3548 1077 3608 uolo
1106 3548 1170 3626 lege
1198 3547 1369 3608 adscribier.

251 3679 293 3689 -
317 3651 365 3708 7l.
396 3645 574 3726 quempiam
600 3651 665 3707 iure
692 3654 794 3709 tuetur
820 3649 947 3726 Bergk„
981 3649 1016 3708 cf.
1041 3650 1159 3709 Trucnl.
1185 3653 1262 3712 752:
1298 3673 1369 3728 „ego

251 3755 282 3810 te
304 3770 420 3811 menum
442 3752 560 3810 iniciam
584 3749 775 3830 quadrupli“.
799 3753 836 3810 ad
859 3751 945 3830 Gapt.
965 3754 1035 3812 543.
1069 3753 1159 3813 Most.
1179 3755 1250 3814 828.
1280 3755 1368 3814 Merc

253 3856 323 3914 ³30.
353 3883 395 3893 -
422 3850 535 3914 iniexit
557 3854 671 3914 (lamer.
700 3883 740 3894 -
770 3857 820 3916 72·
848 3849 940 3914 illum
967 3855 1076 3933 Bergk.
1105 3886 1144 3898 -
1176 3859 1225 3917 73.
1257 3873 1368 3936 „aequa

245 3953 350 4032 parti,
384 3959 450 4034 pari
478 3958 619 4035 utrinque
640 3959 772 4035 periculo
794 3954 970 4036 proposito“
995 3958 1125 4019 Gronov.
1147 3989 1190 4000 ·—
1214 3957 1367 4034 btauirur,

252 4060 405 4136 capitales,
428 4080 456 4118 v.
481 4059 518 4116 ad
541 4060 649 4138 Amph.
677 4063 745 4120 155.
770 4089 808 4102 -
842 4063 891 4121 74.
919 4075 1077 4136 nusqrsum
1099 4062 1233 4138 Pylades.
1256 4094 1297 4105 -
1322 4067 1368 4124 75.

255 4153 323 4219 albo
346 4161 417 4234 rete,
441 4163 467 4220 si
490 4181 592 4221 verum
614 4168 668 4237 eet,
698 4162 735 4222 de
758 4165 854 4242 legum
877 4171 908 4224 et
929 4163 1033 4222 iudicii
1053 4165 1168 4242 laqueis
1189 4165 1312 4240 dicitur,
1338 4173 1370 4226 ut

252 4282 318 4322 cum
342 4263 484 4324 Cicerone
505 4265 619 4342 loquar,
644 4266 696 4325 sed
719 4273 892 4346 corruptum
914 4266 1042 4327 videtur.
1086 4267 1121 4326 R.
1144 4288 1200 4343 „ne
1217 4269 1366 4329 laborent*

251 4369 423 4443 proposuit3
453 4367 560 4444 Bergk.
583 4368 730 4446 Philolog.
753 4369 852 4429 XVIII
875 4393 904 4450 p.
929 4372 966 4429 51
995 4373 1080 4444 „elbo
1103 4369 1201 4446 ireti“,
1224 4393 1289 4432 cnm
1306 4373 1368 4433 'Gu-
