2928 4996
563 1609 771 1681 Truculentue,
798 1643 802 1648 ·

104 1749 176 1808 quae
198 1729 296 1789 fabula
318 1748 350 1788 se
372 1731 438 1806 ipsa
462 1723 503 1804 (v.
528 1724 602 1804 957)
625 1730 656 1786 iu
679 1727 802 1786 Veneris
824 1729 920 1788 tutela
942 1749 1006 1789 esee
1028 1729 1085 1801 ait,
1114 1731 1144 1787 in
1177 1729 1227 1786 de-

104 1833 264 1892 scribenda
297 1833 423 1890 avaritia
456 1833 620 1890 meretricis
654 1837 684 1888 et
717 1833 849 1908 nequitia
883 1837 1048 1890 amatorum
1081 1837 1227 1890 versatur.

105 1937 300 1994 Phronesium
331 1937 469 1993 meretrix
497 1933 687 1993 Atheniensis
720 1938 784 1991 tres
818 1941 966 1995 amatores
999 1934 1104 2006 habet,
1139 1953 1230 1993 unum

104 2041 253 2098 urbanum
277 2039 505 2110 adolescentem,
530 2036 731 2108 Diniarcbum,
755 2038 872 2112 quicum
895 2057 949 2113 per
969 2037 1089 2114 aliquod
1111 2043 1229 2113 tempus

105 2143 296 2200 familiariter
325 2143 485 2199 consuevit.
536 2139 565 2197 ls
588 2139 656 2198 dum
679 2159 804 2216 peregre
826 2137 1035 2216 proficiscitur,
1059 2140 1229 2200 Strabacem

105 2245 324 2302 adolescentem
348 2246 489 2302 rusticum
512 2243 596 2301 illum
618 2241 737 2320 quidem
760 2249 790 2300 et
811 2241 925 2314 rudem,
948 2244 999 2301 sed
1016 2247 1149 2322 pecuniae
1169 2265 1231 2322 prae

106 2366 209 2406 amore
226 2346 381 2424 prodigum
397 2346 453 2405 sibi
473 2346 615 2405 devinxit.
661 2348 738 2404 Ante
756 2343 856 2405 decern
875 2365 990 2404 menses
1007 2351 1105 2405 autem
1118 2345 1231 2407 Strato-
1284 2331 1287 2338 ⁴

105 2451 247 2528 pbanem,
270 2449 394 2508 militem
416 2448 587 2523 gloriosum,
612 2455 776 2509 amatorem
799 2448 913 2507 habuit.
959 2448 1050 2520 Quem
1074 2455 1231 2528 postquam
1270 2505 1272 2510 ,
1342 2481 1346 2490 ·

106 2553 242 2614 Athenas
265 2552 430 2610 rediturum
453 2571 516 2610 esse
539 2554 698 2628 comperit,
732 2570 790 2630 quo
819 2569 885 2608 eum
913 2551 1028 2610 facilius
1057 2559 1087 2610 et
1113 2557 1232 2630 gravius

108 2656 273 2732 despoliet,
304 2655 444 2714 meretrix
472 2655 593 2713 simulat
620 2675 651 2712 se
679 2655 831 2731 gravidam
862 2652 899 2711 ab
922 2673 957 2713 eo
979 2655 1114 2714 relictam
1137 2677 1233 2736 nuper

106 2778 236 2837 puerum
258 2759 418 2836 peperisse,
448 2759 575 2818 alienum
598 2760 712 2816 scilicet
732 2775 857 2835 puerum
880 2754 935 2814 sibi
958 2775 1139 2835 supponens.
1185 2759 1233 2818 Sic

108 2862 182 2920 dum
204 2882 221 2919 a
243 2862 338 2920 tribus
366 2862 453 2920 simul
482 2861 662 2919 amatoribus
690 2863 822 2938 ingentia
844 2859 921 2919 dona
945 2861 1052 2938 accipit
1073 2881 1232 2940 omnesque

108 2961 290 3035 ludificatur,
314 2964 501 3041 Astaphium,
524 2964 733 3036 ancilla-eius,
762 2963 935 3023 Strabacem
958 2986 1092 3043 querens
1114 2985 1231 3024 servum

111 3069 178 3125 eius
211 3069 356 3126 convenit.
413 3069 469 3126 llic
503 3069 597 3140 magia
625 3069 712 3126 etiem
743 3088 831 3145 quam
862 3067 951 3127 herne
978 3072 1108 3128 rusticus
1139 3076 1168 3128 et
1195 3070 1232 3128 ah

110 3169 234 3229 urbanis
263 3169 416 3247 leporibus
445 3172 558 3229 alienus
587 3171 762 3244 gravissimo
791 3171 925 3230 convicio
953 3173 1107 3231 mulierem
1139 3175 1233 3231 insec-

111 3277 204 3342 tatur,
227 3271 278 3330 sed
301 3274 391 3350 paulo
413 3281 482 3351 post
503 3273 689 3332 truculentus
716 3277 774 3332 iste
803 3275 891 3333 homo
914 3274 1062 3334 illecebris
1085 3277 1149 3335 eiua
1171 3276 1233 3350 ipse
1316 3321 1319 3328 .

113 3375 241 3433 libenter
269 3376 348 3434 cedit
375 3369 448 3452 (663
472 3371 560 3453 sqq.).
606 3376 679 3435 Eius
707 3396 795 3436 causa
817 3377 1015 3437 Truculentus
1044 3379 1105 3436 brec
1134 3377 1235 3436 fabula

113 3477 292 3555 appellatur.
343 3477 487 3538 Meretrix
515 3499 586 3538 vero
608 3479 705 3538 tribus
734 3478 917 3538 amatoribus
939 3481 1026 3538 simul
1049 3481 1182 3557 obligata
1204 3486 1235 3537 et

112 3599 207 3657 puero
228 3583 382 3660 supponite
403 3583 585 3658 gravissime
602 3581 715 3641 fraudis
733 3603 792 3654 rea,
816 3585 1001 3659 impudentia
1017 3603 1070 3641 sua
1086 3587 1232 3642 servatur.

113 3682 190 3742 Nam
213 3685 355 3762 puerulus
377 3684 427 3742 ille
451 3683 604 3743 Diniarchi
627 3691 692 3744 erat
720 3705 755 3742 ex
783 3688 912 3763 ingenua
939 3686 1039 3764 puella
1063 3692 1160 3760 natue.
1206 3686 1235 3744 Is

114 3787 170 3844 hac
191 3807 224 3845 re
247 3787 343 3862 palam
366 3786 444 3845 faeta
465 3786 606 3865 puellam,
629 3807 718 3865 quam
736 3795 962 3866 compresserat,
985 3806 1107 3847 uxorem
1128 3789 1236 3847 ducere

114 3891 240 3966 cogitur,
263 3889 458 3950 Phronesium
482 3897 580 3948 autem
604 3890 641 3948 ab
663 3911 698 3948 eo
720 3892 869 3968 impetrat,
899 3897 933 3962 ut
956 3911 986 3948 se
1009 3891 1142 3949 triduum
1165 3910 1236 3969 pue·

116 4013 181 4051 rum
214 3995 343 4051 retinere
376 3995 468 4062 sinat,
502 4015 539 4051 ne
567 3993 638 4070 quid
668 3993 751 4052 miles
781 3995 890 4053 sentiat
919 3999 986 4052 ante
1020 4013 1107 4070 quam
1142 3994 1235 4053 multo

115 4096 203 4174 plura
230 4095 405 4171 profuderit.
456 4096 626 4156 Strabacem
655 4117 725 4155 vero
755 4102 785 4153 et
812 4095 1050 4173 Stratophanem,
1083 4099 1236 4170 ignavissi-

117 4218 180 4261 mos
202 4197 345 4269 homines,
370 4199 455 4257 ambo
477 4200 564 4257 eimul
588 4198 625 4257 ad
646 4219 678 4257 se
700 4199 817 4256 inritat.

204 4299 248 4359 Ex
281 4321 339 4378 qua
367 4301 469 4360 Graeoa
501 4301 602 4360 sabula
630 4301 827 4360 Truculentus
861 4301 949 4359 ducta
983 4303 1035 4372 eit,
1070 4303 1235 4379 ignoratur.

118 4403 192 4460 Nam
216 4425 268 4460 nec
291 4406 341 4480 qui
364 4405 401 4462 ad
425 4403 583 4461 Menandri
606 4403 746 4462 Thaidem
770 4403 893 4476 rettulit,
917 4403 1093 4462 Schmitzius
1113 4425 1165 4462 nec
1185 4409 1236 4480 qui
