2930 5002
79 543 120 606 lv,
141 545 167 612 8,
186 545 290 597 67-79
582 542 705 598 Rudens.

529 705 738 798 Trachalio

78 843 289 908 Elleborosus
312 863 394 908 sum.

566 949 638 1015 (ἔνι’
672 971 716 1015 aa

383 1060 425 1123 nt
448 1079 508 1142 ego
532 971 686 1137 eerntuii;
710 1057 796 1123 hune
817 1079 881 1123 non
905 1060 1054 1124 emittam
1077 1066 1197 1123 temen.
1276 1062 1280 1070 '

529 1195 741 1263 Trachalio

78 1304 221 1370 Uerbum
243 1305 329 1370 adde
352 1307 452 1370 etiam
475 1325 585 1378 unum,
608 1304 672 1368 iam
692 1305 723 1368 in
742 1303 876 1370 cerebro
894 1303 1049 1386 colaphos
1068 1302 1198 1370 abstru-

395 1401 399 1406 ’
791 1411 866 1476 dam
890 1417 957 1477 tuo.

78 1519 143 1602 Ego
162 1522 227 1586 iam
246 1521 358 1598 hieto,
381 1519 495 1586 itidem
515 1521 610 1604 quasi
629 1520 798 1602 peniculus
815 1539 918 1586 nouos
937 1521 1087 1602 exurgeri
1105 1519 1198 1599 solet,

22 1697 25 1704 ,
78 1628 115 1693 Ni
139 1630 224 1695 hunc
246 1631 380 1698 amittis.
405 1629 570 1712 exurgebo
593 1628 751 1711 quidquid
775 1627 919 1692 humoris
943 1627 1045 1692 tibist.
1146 1645 1197 1700 996

264 1826 266 1830 ,
562 1765 716 1847 Gripus

78 1874 203 1959 Tange;
233 1873 386 1956 adfligam
419 1873 460 1939 ed
483 1883 605 1940 terram
629 1883 662 1940 te
685 1873 799 1939 itidem
823 1879 860 1936 ut
882 1873 1002 1954 piscem
1027 1874 1116 1940 soleo
1139 1859 1197 1959 po·

789 1979 910 2063 lypum.

79 2090 133 2156 Uis
155 2093 325 2176 pugnare?

527 2199 746 2266 Trachalio*

349 2307 434 2385 Quid
457 2307 579 2392 opust?
602 2309 681 2390 quin
704 2314 741 2372 ιιι
763 2309 874 2390 potine
897 2307 1052 2390 praedam
1076 2307 1226 2375 diuide..

562 2431 713 2512 Gripus

79 2541 159 2608 ilino
181 2550 219 2609 tu
241 2545 304 2609 nisi
327 2543 448 2609 malum
470 2543 607 2608 frunisci
629 2541 713 2606 nihil
735 2549 841 2625 potes,
864 2563 905 2608 ne
928 2541 1082 2626 postules.

79 2651 166 2718 hbeo
189 2673 249 2735 ego
272 2652 359 2718 hinc.

528 2759 741 2826 Trachalio

203 2869 246 2934 At
268 2889 328 2952 ego
350 2868 427 2934 hine
448 2867 614 2934 offlectam
638 2888 764 2946 nouem,
787 2888 827 2932 ne
850 2888 916 2950 quo
939 2867 1048 2934 abeas.
1089 2867 1195 2934 Mane.

563 2987 638 3054 (iri
670 3008 714 3052 as
746 3044 751 3054 .

81 3097 114 3162 Si
136 3105 170 3163 ιιι
194 3087 328 3182 proreta
350 3099 406 3162 isti
428 3097 505 3162 naui
528 3117 574 3176 ee,
598 3008 664 3179 egi)
681 3096 880 3179 gubernator
902 3115 968 3161 ero.
1130 3113 1193 3166 1001

81 3203 172 3273 Mitte
194 3205 375 3286 rudentem,
397 3203 543 3270 sceleste.

527 3341 740 3408 Trachalio

637 3441 640 3455 '
692 3444 838 3528 Mittam
862 3449 974 3515 omitte
997 3448 1154 3516 nidulum.

565 3569 716 3650 Gripus
1027 3637 1030 3646 ,

85 3677 261 3763 Nunquam
286 3680 395 3746 hercle
418 3679 494 3744 hine
517 3676 614 3742 hodie
636 3687 786 3743 ramenta
808 3679 865 3743 fiee
888 3676 1095 3743 fortunatior.

529 3815 740 3881 Trachalio

88 3919 150 3987 Non
173 3925 312 4008 probare
336 3925 545 4010 pernegando
570 3923 647 3990 mihi
672 3933 776 4007 poten
800 3925 861 3990 nisi
885 3945 962 4009 pers
987 3923 1084 3990 <latur

90 4033 146 4096 lut
165 4035 205 4099 ad
228 4034 389 4099 arbitrum
412 4033 537 4098 reditur
561 4041 618 4098 eut
642 4042 813 4117 sequestro
837 4035 978 4116 ponitur.
1132 4049 1198 4102 1005

91 4187 278 4200 *ψ

148 4275 197 4330 999
214 4277 250 4330 ed
320 4275 371 4328 996
388 4277 417 4329 te
435 4273 482 4329 hio
551 4273 695 4341 penicillus
770 4287 905 4341 exurgere
979 4271 1029 4325 997
1047 4277 1077 4325 et
1094 4267 1122 4325 Β

92 4357 176 4414 itidem
194 4363 227 4415 ad
247 4371 281 4414 ut
297 4359 325 4414 B
439 4361 563 4428 polipum
677 4359 726 4413 999
744 4357 891 4426 nepotulos
910 4355 944 4424 Β,
963 4359 1018 4412 nini
1036 4356 1160 4426 portulae
1178 4357 1200 4410 0

94 4443 149 4499 1090
163 4445 258 4502 Heben
329 4445 431 4501 hebeat
