<?xml version="1.0" encoding="UTF-8"?>
<!DOCTYPE html PUBLIC "-//W3C//DTD XHTML 1.0 Transitional//EN"
    "http://www.w3.org/TR/xhtml1/DTD/xhtml1-transitional.dtd">
<html xmlns="http://www.w3.org/1999/xhtml" xml:lang="en" lang="en">
 <head>
  <title>
</title>
<meta http-equiv="Content-Type" content="text/html;charset=utf-8" />
  <meta name='ocr-system' content='tesseract 3.04.00' />
  <meta name='ocr-capabilities' content='ocr_page ocr_carea ocr_par ocr_line ocrx_word'/>
</head>
<body>
  <div class='ocr_page' id='page_1' title='image "./tmacciiplautico04ussigoog_0590.png"; bbox 0 0 2928 4996; ppageno 0'>
   <div class='ocr_carea' id='block_1_1' title="bbox 524 466 1180 532">
    <p class='ocr_par' dir='ltr' id='par_1_1' title="bbox 524 466 1180 532">
     <span class='ocr_line' id='line_1_1' title="bbox 524 466 1180 532; baseline 0 -14"><span class='ocrx_word' id='word_1_1' title='bbox 524 466 555 518; x_wconf 80' lang='lat' dir='ltr'><strong>v.</strong></span> <span class='ocrx_word' id='word_1_2' title='bbox 575 467 718 518; x_wconf 72' lang='lat' dir='ltr'><strong>rer-en.</strong></span> <span class='ocrx_word' id='word_1_3' title='bbox 1124 474 1180 532; x_wconf 78' lang='lat'><strong>581</strong></span> 
     </span>
    </p>
   </div>
   <div class='ocr_carea' id='block_1_2' title="bbox 37 651 1185 944">
    <p class='ocr_par' dir='ltr' id='par_1_2' title="bbox 37 651 1185 944">
     <span class='ocr_line' id='line_1_2' title="bbox 37 651 1185 739; baseline 0.003 -25"><span class='ocrx_word' id='word_1_4' title='bbox 37 651 133 730; x_wconf 75' lang='lat' dir='ltr'><strong>reita,</strong></span> <span class='ocrx_word' id='word_1_5' title='bbox 166 659 201 717; x_wconf 88' lang='grc'><strong>81.</strong></span> <span class='ocrx_word' id='word_1_6' title='bbox 226 657 319 718; x_wconf 83' lang='lat' dir='ltr'><strong>Stich.</strong></span> <span class='ocrx_word' id='word_1_7' title='bbox 344 661 414 718; x_wconf 88' lang='grc'>464.</span> <span class='ocrx_word' id='word_1_8' title='bbox 449 659 515 719; x_wconf 88' lang='lat' dir='ltr'><strong>Tor.</strong></span> <span class='ocrx_word' id='word_1_9' title='bbox 540 659 658 718; x_wconf 85' lang='lat' dir='ltr'><strong>Phorm.</strong></span> <span class='ocrx_word' id='word_1_10' title='bbox 686 661 759 720; x_wconf 82' lang='lat'><strong>363:</strong></span> <span class='ocrx_word' id='word_1_11' title='bbox 796 680 926 739; x_wconf 82' lang='lat' dir='ltr'>„pauper</span> <span class='ocrx_word' id='word_1_12' title='bbox 949 663 1018 738; x_wconf 87' lang='lat' dir='ltr'><strong>quoi</strong></span> <span class='ocrx_word' id='word_1_13' title='bbox 1040 663 1071 720; x_wconf 89' lang='lat' dir='ltr'><strong>in</strong></span> <span class='ocrx_word' id='word_1_14' title='bbox 1095 680 1185 738; x_wconf 85' lang='lat' dir='ltr'><strong>opere</strong></span> 
     </span>
     <span class='ocr_line' id='line_1_3' title="bbox 37 755 1184 837; baseline 0.005 -20"><span class='ocrx_word' id='word_1_15' title='bbox 37 760 117 818; x_wconf 81' lang='grc'><strong>8118</strong></span> <span class='ocrx_word' id='word_1_16' title='bbox 147 755 245 819; x_wconf 84' lang='lat' dir='ltr'><strong>erut“.</strong></span> <span class='ocrx_word' id='word_1_17' title='bbox 300 763 375 822; x_wconf 80' lang='lat'><strong>⁷34:</strong></span> <span class='ocrx_word' id='word_1_18' title='bbox 413 764 494 837; x_wconf 82' lang='lat' dir='ltr'><strong>„uita</strong></span> <span class='ocrx_word' id='word_1_19' title='bbox 522 766 557 820; x_wconf 87' lang='grc'><strong>81</strong></span> <span class='ocrx_word' id='word_1_20' title='bbox 579 764 609 819; x_wconf 90' lang='lat' dir='ltr'><strong>in</strong></span> <span class='ocrx_word' id='word_1_21' title='bbox 631 767 697 821; x_wconf 89' lang='lat' dir='ltr'><strong>tuto</strong></span> <span class='ocrx_word' id='word_1_22' title='bbox 719 759 826 822; x_wconf 83' lang='lat' dir='ltr'><strong>foret“.</strong></span> <span class='ocrx_word' id='word_1_23' title='bbox 858 795 897 802; x_wconf 97' lang='lat'>-</span> <span class='ocrx_word' id='word_1_24' title='bbox 931 765 1001 822; x_wconf 93' lang='grc'><strong>481,</strong></span> <span class='ocrx_word' id='word_1_25' title='bbox 1037 757 1184 836; x_wconf 73' lang='lat' dir='ltr'><strong>comitur,</strong></span> 
     </span>
     <span class='ocr_line' id='line_1_4' title="bbox 39 857 1185 944; baseline 0.006 -26"><span class='ocrx_word' id='word_1_26' title='bbox 39 867 80 919; x_wconf 88' lang='lat' dir='ltr'><strong>ut</strong></span> <span class='ocrx_word' id='word_1_27' title='bbox 107 865 146 920; x_wconf 91' lang='lat' dir='ltr'><strong>in</strong></span> <span class='ocrx_word' id='word_1_28' title='bbox 173 869 287 923; x_wconf 84' lang='grc'><strong>888818.</strong></span> <span class='ocrx_word' id='word_1_29' title='bbox 314 895 349 904; x_wconf 93' lang='lat'>-</span> <span class='ocrx_word' id='word_1_30' title='bbox 375 867 446 924; x_wconf 79' lang='lat'>482.</span> <span class='ocrx_word' id='word_1_31' title='bbox 477 858 556 924; x_wconf 76' lang='lat' dir='ltr'><strong>Rem</strong></span> <span class='ocrx_word' id='word_1_32' title='bbox 577 857 733 940; x_wconf 76' lang='lat' dir='ltr'><strong>fabulare,</strong></span> <span class='ocrx_word' id='word_1_33' title='bbox 767 867 973 944; x_wconf 74' lang='grc'><strong>8188118181.</strong></span> <span class='ocrx_word' id='word_1_34' title='bbox 998 867 1068 924; x_wconf 79' lang='grc'><strong>286.</strong></span> <span class='ocrx_word' id='word_1_35' title='bbox 1113 865 1185 925; x_wconf 81' lang='lat' dir='ltr'><strong>Lee·</strong></span> 
     </span>
    </p>
   </div>
   <div class='ocr_carea' id='block_1_3' title="bbox 40 963 1279 1040">
    <p class='ocr_par' dir='ltr' id='par_1_3' title="bbox 40 963 1279 1040">
     <span class='ocr_line' id='line_1_5' title="bbox 40 963 1279 1040; baseline 0.006 -19"><span class='ocrx_word' id='word_1_36' title='bbox 40 963 169 1024; x_wconf 81' lang='lat' dir='ltr'><strong>bonico</strong></span> <span class='ocrx_word' id='word_1_37' title='bbox 191 964 252 1024; x_wconf 75' lang='lat' dir='ltr'><strong>hmo</strong></span> <span class='ocrx_word' id='word_1_38' title='bbox 275 966 299 1024; x_wconf 95' lang='lat' dir='ltr'>B</span> <span class='ocrx_word' id='word_1_39' title='bbox 323 973 402 1027; x_wconf 84' lang='lat' dir='ltr'><strong>recte</strong></span> <span class='ocrx_word' id='word_1_40' title='bbox 424 967 544 1039; x_wconf 77' lang='lat' dir='ltr'><strong>tribuit,</strong></span> <span class='ocrx_word' id='word_1_41' title='bbox 570 967 636 1025; x_wconf 85' lang='lat' dir='ltr'><strong>edd.</strong></span> <span class='ocrx_word' id='word_1_42' title='bbox 660 967 802 1028; x_wconf 82' lang='lat' dir='ltr'><strong>Philtoni.</strong></span> <span class='ocrx_word' id='word_1_43' title='bbox 826 999 868 1010; x_wconf 92' lang='lat'><em>-</em></span> <span class='ocrx_word' id='word_1_44' title='bbox 889 985 953 1029; x_wconf 79' lang='lat' dir='ltr'><strong>mm</strong></span> <span class='ocrx_word' id='word_1_45' title='bbox 976 963 1055 1040; x_wconf 80' lang='grc'><strong>(1010,</strong></span> <span class='ocrx_word' id='word_1_46' title='bbox 1079 969 1183 1028; x_wconf 86' lang='grc'><strong>8191.</strong></span> <span class='ocrx_word' id='word_1_47' title='bbox 1275 981 1279 988; x_wconf 87' lang='grc'><em>“</em></span> 
     </span>
    </p>
   </div>
   <div class='ocr_carea' id='block_1_4' title="bbox 40 1066 1192 4440">
    <p class='ocr_par' dir='ltr' id='par_1_4' title="bbox 40 1066 1192 4440">
     <span class='ocr_line' id='line_1_6' title="bbox 41 1066 1184 1149; baseline 0.004 -24"><span class='ocrx_word' id='word_1_48' title='bbox 41 1097 90 1106; x_wconf 96' lang='grc'>-</span> <span class='ocrx_word' id='word_1_49' title='bbox 119 1067 341 1142; x_wconf 72' lang='grc'><strong>4888888118,</strong></span> <span class='ocrx_word' id='word_1_50' title='bbox 365 1091 391 1128; x_wconf 85' lang='lat' dir='ltr'><strong>v.</strong></span> <span class='ocrx_word' id='word_1_51' title='bbox 416 1072 453 1129; x_wconf 80' lang='lat' dir='ltr'><strong>ad</strong></span> <span class='ocrx_word' id='word_1_52' title='bbox 476 1069 561 1128; x_wconf 85' lang='lat' dir='ltr'><strong>Cum.</strong></span> <span class='ocrx_word' id='word_1_53' title='bbox 586 1071 656 1128; x_wconf 76' lang='lat'>287.</span> <span class='ocrx_word' id='word_1_54' title='bbox 682 1099 722 1110; x_wconf 89' lang='lat'>-</span> <span class='ocrx_word' id='word_1_55' title='bbox 752 1072 823 1132; x_wconf 85' lang='grc'><strong>485.</strong></span> <span class='ocrx_word' id='word_1_56' title='bbox 850 1067 925 1131; x_wconf 81' lang='lat' dir='ltr'><strong>Nou</strong></span> <span class='ocrx_word' id='word_1_57' title='bbox 947 1066 1123 1149; x_wconf 74' lang='grc'><strong>18818898,</strong></span> <span class='ocrx_word' id='word_1_58' title='bbox 1148 1091 1184 1132; x_wconf 88' lang='grc'><strong>88</strong></span> 
     </span>
     <span class='ocr_line' id='line_1_7' title="bbox 42 1169 1183 1248; baseline 0.004 -22"><span class='ocrx_word' id='word_1_59' title='bbox 42 1171 214 1229; x_wconf 80' lang='lat' dir='ltr'><strong>tantillum</strong></span> <span class='ocrx_word' id='word_1_60' title='bbox 237 1173 366 1248; x_wconf 87' lang='lat' dir='ltr'><strong>quidem,</strong></span> <span class='ocrx_word' id='word_1_61' title='bbox 395 1193 422 1230; x_wconf 83' lang='lat' dir='ltr'><strong>r.</strong></span> <span class='ocrx_word' id='word_1_62' title='bbox 446 1171 593 1232; x_wconf 72' lang='grc'><strong>88111881.</strong></span> <span class='ocrx_word' id='word_1_63' title='bbox 619 1174 688 1232; x_wconf 92' lang='grc'><strong>385.</strong></span> <span class='ocrx_word' id='word_1_64' title='bbox 722 1203 757 1212; x_wconf 93' lang='grc'><strong>-</strong></span> <span class='ocrx_word' id='word_1_65' title='bbox 789 1175 860 1232; x_wconf 91' lang='grc'><strong>486.</strong></span> <span class='ocrx_word' id='word_1_66' title='bbox 895 1169 1113 1247; x_wconf 74' lang='grc'><strong>1881188080,</strong></span> <span class='ocrx_word' id='word_1_67' title='bbox 1149 1175 1183 1233; x_wconf 93' lang='grc'><strong>81.</strong></span> 
     </span>
     <span class='ocr_line' id='line_1_8' title="bbox 43 1269 1182 1355; baseline 0.006 -25"><span class='ocrx_word' id='word_1_68' title='bbox 43 1271 87 1330; x_wconf 83' lang='lat' dir='ltr'><strong>ad</strong></span> <span class='ocrx_word' id='word_1_69' title='bbox 116 1272 188 1332; x_wconf 80' lang='lat' dir='ltr'><strong>Mil.</strong></span> <span class='ocrx_word' id='word_1_70' title='bbox 214 1276 283 1334; x_wconf 83' lang='lat'><strong>323.</strong></span> <span class='ocrx_word' id='word_1_71' title='bbox 315 1305 356 1316; x_wconf 88' lang='lat'>-</span> <span class='ocrx_word' id='word_1_72' title='bbox 382 1271 453 1336; x_wconf 76' lang='lat' dir='ltr'><strong>sine</strong></span> <span class='ocrx_word' id='word_1_73' title='bbox 480 1271 581 1342; x_wconf 71' lang='lat' dir='ltr'><strong>sacris</strong></span> <span class='ocrx_word' id='word_1_74' title='bbox 609 1269 779 1350; x_wconf 69' lang='lat' dir='ltr'><strong>hereditas,</strong></span> <span class='ocrx_word' id='word_1_75' title='bbox 815 1299 842 1336; x_wconf 88' lang='lat' dir='ltr'><strong>v.</strong></span> <span class='ocrx_word' id='word_1_76' title='bbox 867 1277 903 1336; x_wconf 85' lang='lat' dir='ltr'><strong>ed</strong></span> <span class='ocrx_word' id='word_1_77' title='bbox 933 1277 1019 1355; x_wconf 85' lang='lat' dir='ltr'><strong>Cept.</strong></span> <span class='ocrx_word' id='word_1_78' title='bbox 1045 1279 1115 1337; x_wconf 91' lang='grc'>769.</span> <span class='ocrx_word' id='word_1_79' title='bbox 1147 1308 1182 1318; x_wconf 91' lang='grc'>-</span> 
     </span>
     <span class='ocr_line' id='line_1_9' title="bbox 46 1373 1186 1456; baseline 0.004 -22"><span class='ocrx_word' id='word_1_80' title='bbox 46 1378 135 1435; x_wconf 87' lang='grc'><strong>488.</strong></span> <span class='ocrx_word' id='word_1_81' title='bbox 159 1373 207 1436; x_wconf 76' lang='lat' dir='ltr'><strong>uti</strong></span> <span class='ocrx_word' id='word_1_82' title='bbox 228 1380 262 1437; x_wconf 89' lang='lat' dir='ltr'><strong>A.</strong></span> <span class='ocrx_word' id='word_1_83' title='bbox 287 1409 327 1418; x_wconf 95' lang='lat'>-</span> <span class='ocrx_word' id='word_1_84' title='bbox 358 1380 428 1437; x_wconf 87' lang='grc'><strong>489.</strong></span> <span class='ocrx_word' id='word_1_85' title='bbox 458 1393 592 1456; x_wconf 78' lang='lat' dir='ltr'><strong>nequeas</strong></span> <span class='ocrx_word' id='word_1_86' title='bbox 613 1373 724 1438; x_wconf 79' lang='lat' dir='ltr'><strong>sallem</strong></span> <span class='ocrx_word' id='word_1_87' title='bbox 746 1381 780 1438; x_wconf 88' lang='lat' dir='ltr'><strong>A.</strong></span> <span class='ocrx_word' id='word_1_88' title='bbox 808 1409 844 1422; x_wconf 92' lang='lat'>-</span> <span class='ocrx_word' id='word_1_89' title='bbox 876 1382 947 1439; x_wconf 82' lang='grc'>490.</span> <span class='ocrx_word' id='word_1_90' title='bbox 977 1373 1063 1440; x_wconf 81' lang='lat' dir='ltr'><strong>abste</strong></span> <span class='ocrx_word' id='word_1_91' title='bbox 1085 1381 1121 1439; x_wconf 86' lang='lat' dir='ltr'><strong>A.</strong></span> <span class='ocrx_word' id='word_1_92' title='bbox 1146 1410 1186 1420; x_wconf 91' lang='lat'><strong>·-</strong></span> 
     </span>
     <span class='ocr_line' id='line_1_10' title="bbox 47 1476 1184 1559; baseline 0.003 -21"><span class='ocrx_word' id='word_1_93' title='bbox 47 1482 133 1538; x_wconf 81' lang='lat'><strong>492.</strong></span> <span class='ocrx_word' id='word_1_94' title='bbox 168 1476 274 1540; x_wconf 73' lang='lat' dir='ltr'><strong>decent</strong></span> <span class='ocrx_word' id='word_1_95' title='bbox 295 1476 473 1557; x_wconf 73' lang='lat' dir='ltr'><em>opulentiae</em></span> <span class='ocrx_word' id='word_1_96' title='bbox 496 1483 534 1556; x_wconf 85' lang='lat' dir='ltr'><strong>A;</strong></span> <span class='ocrx_word' id='word_1_97' title='bbox 568 1482 767 1559; x_wconf 79' lang='lat' dir='ltr'><strong>personaliter</strong></span> <span class='ocrx_word' id='word_1_98' title='bbox 796 1483 906 1542; x_wconf 82' lang='lat' dir='ltr'><strong>dicitur</strong></span> <span class='ocrx_word' id='word_1_99' title='bbox 935 1489 969 1542; x_wconf 88' lang='lat' dir='ltr'><strong>nt</strong></span> <span class='ocrx_word' id='word_1_100' title='bbox 999 1483 1089 1542; x_wconf 83' lang='grc'><strong>11881.</strong></span> <span class='ocrx_word' id='word_1_101' title='bbox 1117 1483 1184 1541; x_wconf 78' lang='grc'><strong>162.</strong></span> 
     </span>
     <span class='ocr_line' id='line_1_11' title="bbox 53 1581 1186 1659; baseline 0.001 -18"><span class='ocrx_word' id='word_1_102' title='bbox 53 1585 122 1642; x_wconf 89' lang='grc'><strong>169</strong></span> <span class='ocrx_word' id='word_1_103' title='bbox 150 1581 210 1642; x_wconf 85' lang='lat' dir='ltr'><strong>Cic.</strong></span> <span class='ocrx_word' id='word_1_104' title='bbox 234 1583 288 1643; x_wconf 83' lang='lat' dir='ltr'><strong>Off.</strong></span> <span class='ocrx_word' id='word_1_105' title='bbox 312 1583 336 1659; x_wconf 84' lang='lat'><strong>1,</strong></span> <span class='ocrx_word' id='word_1_106' title='bbox 363 1585 410 1656; x_wconf 85' lang='lat'><strong>31,</strong></span> <span class='ocrx_word' id='word_1_107' title='bbox 438 1586 506 1644; x_wconf 88' lang='grc'><strong>113.</strong></span> <span class='ocrx_word' id='word_1_108' title='bbox 531 1586 568 1654; x_wconf 85' lang='grc'><strong>81.</strong></span> <span class='ocrx_word' id='word_1_109' title='bbox 595 1613 631 1624; x_wconf 93' lang='grc'>-</span> <span class='ocrx_word' id='word_1_110' title='bbox 658 1587 728 1645; x_wconf 93' lang='grc'>494.</span> <span class='ocrx_word' id='word_1_111' title='bbox 752 1581 915 1646; x_wconf 75' lang='lat' dir='ltr'><strong>emisimus</strong></span> <span class='ocrx_word' id='word_1_112' title='bbox 937 1586 980 1658; x_wconf 90' lang='lat' dir='ltr'><strong>A;</strong></span> <span class='ocrx_word' id='word_1_113' title='bbox 1010 1585 1061 1643; x_wconf 86' lang='lat' dir='ltr'><strong>eed</strong></span> <span class='ocrx_word' id='word_1_114' title='bbox 1084 1603 1186 1643; x_wconf 76' lang='lat' dir='ltr'><strong>versus</strong></span> 
     </span>
     <span class='ocr_line' id='line_1_12' title="bbox 48 1683 1184 1764; baseline 0.003 -21"><span class='ocrx_word' id='word_1_115' title='bbox 48 1693 222 1763; x_wconf 81' lang='lat' dir='ltr'><strong>corruptus</strong></span> <span class='ocrx_word' id='word_1_116' title='bbox 256 1691 314 1759; x_wconf 87' lang='grc'><strong>881,</strong></span> <span class='ocrx_word' id='word_1_117' title='bbox 356 1689 472 1746; x_wconf 75' lang='lat' dir='ltr'><strong>etiamsi</strong></span> <span class='ocrx_word' id='word_1_118' title='bbox 513 1707 701 1748; x_wconf 84' lang='lat' dir='ltr'><strong>numerorum</strong></span> <span class='ocrx_word' id='word_1_119' title='bbox 742 1707 828 1747; x_wconf 86' lang='grc'><strong>88888</strong></span> <span class='ocrx_word' id='word_1_120' title='bbox 874 1683 1019 1762; x_wconf 81' lang='lat' dir='ltr'><strong>„euimei“</strong></span> <span class='ocrx_word' id='word_1_121' title='bbox 1058 1687 1184 1764; x_wconf 72' lang='lat' dir='ltr'><strong>legatur.</strong></span> 
     </span>
     <span class='ocr_line' id='line_1_13' title="bbox 51 1789 1185 1867; baseline 0.002 -21"><span class='ocrx_word' id='word_1_122' title='bbox 51 1789 155 1848; x_wconf 84' lang='lat' dir='ltr'><strong>Edidi</strong></span> <span class='ocrx_word' id='word_1_123' title='bbox 189 1809 254 1848; x_wconf 90' lang='lat' dir='ltr'><strong>cum</strong></span> <span class='ocrx_word' id='word_1_124' title='bbox 286 1789 436 1866; x_wconf 80' lang='lat' dir='ltr'><strong>plerisque</strong></span> <span class='ocrx_word' id='word_1_125' title='bbox 464 1789 547 1850; x_wconf 87' lang='lat' dir='ltr'>Pium</span> <span class='ocrx_word' id='word_1_126' title='bbox 589 1797 618 1849; x_wconf 91' lang='grc'><strong>81</strong></span> <span class='ocrx_word' id='word_1_127' title='bbox 651 1791 817 1850; x_wconf 83' lang='lat' dir='ltr'><strong>Acidalium</strong></span> <span class='ocrx_word' id='word_1_128' title='bbox 853 1796 970 1849; x_wconf 81' lang='lat' dir='ltr'><strong>secutus</strong></span> <span class='ocrx_word' id='word_1_129' title='bbox 1003 1804 1094 1867; x_wconf 75' lang='lat' dir='ltr'><strong>quam</strong></span> <span class='ocrx_word' id='word_1_130' title='bbox 1130 1808 1185 1867; x_wconf 90' lang='lat' dir='ltr'><strong>pro</strong></span> 
     </span>
     <span class='ocr_line' id='line_1_14' title="bbox 54 1888 1185 1969; baseline 0.003 -20"><span class='ocrx_word' id='word_1_131' title='bbox 54 1888 169 1969; x_wconf 84' lang='lat' dir='ltr'><strong>„qui“,</strong></span> <span class='ocrx_word' id='word_1_132' title='bbox 193 1898 227 1950; x_wconf 87' lang='lat' dir='ltr'><strong>ut</strong></span> <span class='ocrx_word' id='word_1_133' title='bbox 255 1895 308 1951; x_wconf 79' lang='lat' dir='ltr'><strong>eit:</strong></span> <span class='ocrx_word' id='word_1_134' title='bbox 344 1893 409 1967; x_wconf 87' lang='lat' dir='ltr'><strong>Dii,</strong></span> <span class='ocrx_word' id='word_1_135' title='bbox 434 1893 542 1952; x_wconf 78' lang='lat' dir='ltr'><strong>divites</strong></span> <span class='ocrx_word' id='word_1_136' title='bbox 572 1901 649 1966; x_wconf 82' lang='lat' dir='ltr'><strong>sunt,</strong></span> <span class='ocrx_word' id='word_1_137' title='bbox 683 1913 782 1953; x_wconf 91' lang='lat' dir='ltr'><strong>verum</strong></span> <span class='ocrx_word' id='word_1_138' title='bbox 809 1913 862 1952; x_wconf 87' lang='grc'><strong>888</strong></span> <span class='ocrx_word' id='word_1_139' title='bbox 886 1893 1056 1951; x_wconf 79' lang='lat' dir='ltr'><strong>homunculi</strong></span> <span class='ocrx_word' id='word_1_140' title='bbox 1074 1911 1185 1964; x_wconf 84' lang='grc'><strong>88888,</strong></span> 
     </span>
     <span class='ocr_line' id='line_1_15' title="bbox 54 1995 1186 2074; baseline 0 -20"><span class='ocrx_word' id='word_1_141' title='bbox 54 1999 112 2073; x_wconf 89' lang='lat' dir='ltr'><strong>qui</strong></span> <span class='ocrx_word' id='word_1_142' title='bbox 143 2015 232 2073; x_wconf 90' lang='lat' dir='ltr'><strong>quum</strong></span> <span class='ocrx_word' id='word_1_143' title='bbox 255 1999 383 2072; x_wconf 89' lang='lat' dir='ltr'><strong>primum</strong></span> <span class='ocrx_word' id='word_1_144' title='bbox 406 1997 530 2054; x_wconf 78' lang='lat' dir='ltr'><strong>salinum</strong></span> <span class='ocrx_word' id='word_1_145' title='bbox 554 1999 658 2054; x_wconf 83' lang='lat' dir='ltr'><strong>animoe</strong></span> <span class='ocrx_word' id='word_1_146' title='bbox 682 1997 848 2068; x_wconf 75' lang='lat' dir='ltr'><strong>omisimus,</strong></span> <span class='ocrx_word' id='word_1_147' title='bbox 880 2014 983 2054; x_wconf 78' lang='lat' dir='ltr'><strong>omncs</strong></span> <span class='ocrx_word' id='word_1_148' title='bbox 1010 2016 1065 2074; x_wconf 91' lang='lat' dir='ltr'><strong>pro</strong></span> <span class='ocrx_word' id='word_1_149' title='bbox 1093 1995 1186 2054; x_wconf 88' lang='lat' dir='ltr'><strong>nihilo</strong></span> 
     </span>
     <span class='ocr_line' id='line_1_16' title="bbox 54 2098 1186 2176; baseline 0 -20"><span class='ocrx_word' id='word_1_150' title='bbox 54 2117 176 2158; x_wconf 78' lang='lat' dir='ltr'><strong>sumus.</strong></span> <span class='ocrx_word' id='word_1_151' title='bbox 221 2101 340 2170; x_wconf 77' lang='lat' dir='ltr'><strong>Anime,</strong></span> <span class='ocrx_word' id='word_1_152' title='bbox 364 2119 429 2176; x_wconf 81' lang='lat' dir='ltr'><strong>quae</strong></span> <span class='ocrx_word' id='word_1_153' title='bbox 452 2100 515 2158; x_wconf 82' lang='grc'><strong>8818</strong></span> <span class='ocrx_word' id='word_1_154' title='bbox 537 2103 629 2158; x_wconf 86' lang='lat' dir='ltr'><strong>vitem</strong></span> <span class='ocrx_word' id='word_1_155' title='bbox 651 2098 777 2158; x_wconf 77' lang='lat' dir='ltr'><strong>hominis</strong></span> <span class='ocrx_word' id='word_1_156' title='bbox 801 2104 909 2174; x_wconf 80' lang='lat' dir='ltr'><strong>servet,</strong></span> <span class='ocrx_word' id='word_1_157' title='bbox 934 2118 998 2158; x_wconf 89' lang='lat' dir='ltr'><strong>cum</strong></span> <span class='ocrx_word' id='word_1_158' title='bbox 1023 2100 1084 2158; x_wconf 82' lang='lat' dir='ltr'><strong>sale</strong></span> <span class='ocrx_word' id='word_1_159' title='bbox 1107 2117 1186 2156; x_wconf 88' lang='lat' dir='ltr'><strong>com·</strong></span> 
     </span>
     <span class='ocr_line' id='line_1_17' title="bbox 56 2201 1185 2280; baseline 0 -21"><span class='ocrx_word' id='word_1_160' title='bbox 56 2208 199 2280; x_wconf 80' lang='lat' dir='ltr'><strong>paratur,</strong></span> <span class='ocrx_word' id='word_1_161' title='bbox 222 2203 309 2262; x_wconf 88' lang='lat' dir='ltr'><strong>homo</strong></span> <span class='ocrx_word' id='word_1_162' title='bbox 333 2204 461 2260; x_wconf 74' lang='lat' dir='ltr'><strong>unimam</strong></span> <span class='ocrx_word' id='word_1_163' title='bbox 483 2205 637 2261; x_wconf 83' lang='lat' dir='ltr'><strong>continens</strong></span> <span class='ocrx_word' id='word_1_164' title='bbox 654 2223 719 2261; x_wconf 88' lang='lat' dir='ltr'><strong>cum</strong></span> <span class='ocrx_word' id='word_1_165' title='bbox 738 2203 840 2261; x_wconf 81' lang='lat' dir='ltr'><strong>selino.</strong></span> <span class='ocrx_word' id='word_1_166' title='bbox 887 2201 1068 2260; x_wconf 86' lang='lat' dir='ltr'><strong>Dubiturunt</strong></span> <span class='ocrx_word' id='word_1_167' title='bbox 1085 2209 1185 2260; x_wconf 81' lang='lat' dir='ltr'><strong>tomen</strong></span> 
     </span>
     <span class='ocr_line' id='line_1_18' title="bbox 58 2303 1186 2382; baseline 0.003 -22"><span class='ocrx_word' id='word_1_168' title='bbox 58 2305 169 2364; x_wconf 79' lang='lat' dir='ltr'><strong>dehoc</strong></span> <span class='ocrx_word' id='word_1_169' title='bbox 182 2305 323 2364; x_wconf 78' lang='lat' dir='ltr'><strong>vocabulo</strong></span> <span class='ocrx_word' id='word_1_170' title='bbox 340 2306 435 2364; x_wconf 84' lang='lat' dir='ltr'><strong>multi.</strong></span> <span class='ocrx_word' id='word_1_171' title='bbox 471 2304 578 2379; x_wconf 81' lang='lat' dir='ltr'>Bergk.</span> <span class='ocrx_word' id='word_1_172' title='bbox 597 2303 821 2379; x_wconf 65' lang='lat' dir='ltr'><strong>,stalagmium‘</strong></span> <span class='ocrx_word' id='word_1_173' title='bbox 835 2307 999 2382; x_wconf 79' lang='lat' dir='ltr'><strong>proposuit,</strong></span> <span class='ocrx_word' id='word_1_174' title='bbox 1022 2304 1186 2363; x_wconf 82' lang='lat' dir='ltr'><strong>Fritsehius</strong></span> 
     </span>
     <span class='ocr_line' id='line_1_19' title="bbox 59 2402 1185 2485; baseline 0.001 -20"><span class='ocrx_word' id='word_1_175' title='bbox 59 2413 92 2466; x_wconf 87' lang='lat' dir='ltr'><strong>et</strong></span> <span class='ocrx_word' id='word_1_176' title='bbox 113 2408 160 2468; x_wconf 85' lang='lat' dir='ltr'><strong>Fl.</strong></span> <span class='ocrx_word' id='word_1_177' title='bbox 183 2407 361 2483; x_wconf 79' lang='lat' dir='ltr'><strong>„scintillu“‚</strong></span> <span class='ocrx_word' id='word_1_178' title='bbox 385 2403 436 2466; x_wconf 82' lang='lat' dir='ltr'><strong>R.²</strong></span> <span class='ocrx_word' id='word_1_179' title='bbox 458 2408 629 2468; x_wconf 73' lang='lat' dir='ltr'><strong>dubitanter</strong></span> <span class='ocrx_word' id='word_1_180' title='bbox 655 2405 833 2483; x_wconf 81' lang='lat' dir='ltr'><strong>,‚sitellum“,</strong></span> <span class='ocrx_word' id='word_1_181' title='bbox 861 2408 994 2467; x_wconf 80' lang='lat' dir='ltr'><strong>Loewius</strong></span> <span class='ocrx_word' id='word_1_182' title='bbox 1012 2402 1091 2485; x_wconf 62' lang='lat' dir='ltr'><strong>(BA)</strong></span> <span class='ocrx_word' id='word_1_183' title='bbox 1116 2427 1185 2483; x_wconf 78' lang='lat' dir='ltr'><strong>„un-</strong></span> 
     </span>
     <span class='ocr_line' id='line_1_20' title="bbox 59 2505 1186 2588; baseline 0.001 -21"><span class='ocrx_word' id='word_1_184' title='bbox 59 2505 200 2582; x_wconf 80' lang='lat' dir='ltr'><strong>tillum“,</strong></span> <span class='ocrx_word' id='word_1_185' title='bbox 224 2513 243 2570; x_wconf 92' lang='lat' dir='ltr'><strong>i.</strong></span> <span class='ocrx_word' id='word_1_186' title='bbox 261 2531 286 2570; x_wconf 95' lang='grc'><strong>8.</strong></span> <span class='ocrx_word' id='word_1_187' title='bbox 304 2510 451 2570; x_wconf 84' lang='lat' dir='ltr'><strong>batillum.</strong></span> <span class='ocrx_word' id='word_1_188' title='bbox 501 2511 581 2570; x_wconf 86' lang='lat' dir='ltr'><strong>Brix.</strong></span> <span class='ocrx_word' id='word_1_189' title='bbox 605 2507 661 2588; x_wconf 77' lang='lat' dir='ltr'><strong>qui</strong></span> <span class='ocrx_word' id='word_1_190' title='bbox 683 2511 807 2570; x_wconf 84' lang='lat' dir='ltr'><strong>retinuit</strong></span> <span class='ocrx_word' id='word_1_191' title='bbox 830 2514 872 2569; x_wconf 83' lang='lat' dir='ltr'><strong>ein</strong></span> <span class='ocrx_word' id='word_1_192' title='bbox 894 2511 1033 2588; x_wconf 80' lang='lat' dir='ltr'><strong>iungens:</strong></span> <span class='ocrx_word' id='word_1_193' title='bbox 1067 2530 1186 2585; x_wconf 84' lang='lat' dir='ltr'><strong>„verum</strong></span> 
     </span>
     <span class='ocr_line' id='line_1_21' title="bbox 40 2609 1187 2692; baseline 0.001 -21"><span class='ocrx_word' id='word_1_194' title='bbox 40 2643 44 2652; x_wconf 93' lang='lat'>·</span> <span class='ocrx_word' id='word_1_195' title='bbox 61 2633 118 2671; x_wconf 89' lang='grc'><strong>888</strong></span> <span class='ocrx_word' id='word_1_196' title='bbox 136 2613 308 2673; x_wconf 78' lang='lat' dir='ltr'><strong>homunculi</strong></span> <span class='ocrx_word' id='word_1_197' title='bbox 326 2635 434 2689; x_wconf 84' lang='grc'><strong>88888,</strong></span> <span class='ocrx_word' id='word_1_198' title='bbox 454 2618 504 2692; x_wconf 90' lang='lat' dir='ltr'><strong>qui</strong></span> <span class='ocrx_word' id='word_1_199' title='bbox 523 2633 611 2692; x_wconf 90' lang='lat' dir='ltr'><strong>quom</strong></span> <span class='ocrx_word' id='word_1_200' title='bbox 624 2615 774 2692; x_wconf 74' lang='lat' dir='ltr'><strong>extemplo</strong></span> <span class='ocrx_word' id='word_1_201' title='bbox 786 2613 977 2673; x_wconf 76' lang='lat' dir='ltr'><strong>scintillulam</strong></span> <span class='ocrx_word' id='word_1_202' title='bbox 991 2609 1059 2687; x_wconf 87' lang='lat' dir='ltr'><strong>(eie)</strong></span> <span class='ocrx_word' id='word_1_203' title='bbox 1083 2615 1187 2672; x_wconf 77' lang='lat' dir='ltr'><strong>uuimae</strong></span> 
     </span>
     <span class='ocr_line' id='line_1_22' title="bbox 63 2710 1188 2795; baseline -0.001 -21"><span class='ocrx_word' id='word_1_204' title='bbox 63 2710 248 2788; x_wconf 78' lang='lat' dir='ltr'><strong>emisimue“,</strong></span> <span class='ocrx_word' id='word_1_205' title='bbox 272 2719 359 2776; x_wconf 78' lang='lat' dir='ltr'><strong>nimie</strong></span> <span class='ocrx_word' id='word_1_206' title='bbox 383 2718 463 2776; x_wconf 85' lang='lat' dir='ltr'><strong>dure.</strong></span> <span class='ocrx_word' id='word_1_207' title='bbox 520 2716 659 2795; x_wconf 80' lang='lat' dir='ltr'><strong>Spengel.</strong></span> <span class='ocrx_word' id='word_1_208' title='bbox 685 2713 773 2794; x_wconf 88' lang='lat' dir='ltr'><strong>„qni“</strong></span> <span class='ocrx_word' id='word_1_209' title='bbox 801 2717 918 2775; x_wconf 80' lang='lat' dir='ltr'><strong>delebat</strong></span> <span class='ocrx_word' id='word_1_210' title='bbox 940 2717 1087 2775; x_wconf 81' lang='lat' dir='ltr'><strong>scribens:</strong></span> <span class='ocrx_word' id='word_1_211' title='bbox 1118 2716 1188 2789; x_wconf 80' lang='lat' dir='ltr'><strong>,sal</strong></span> 
     </span>
     <span class='ocr_line' id='line_1_23' title="bbox 63 2816 1186 2899; baseline 0.003 -25"><span class='ocrx_word' id='word_1_212' title='bbox 63 2819 137 2878; x_wconf 89' lang='lat' dir='ltr'><strong>illuc</strong></span> <span class='ocrx_word' id='word_1_213' title='bbox 160 2820 274 2878; x_wconf 77' lang='lat' dir='ltr'><strong>animae</strong></span> <span class='ocrx_word' id='word_1_214' title='bbox 297 2816 474 2897; x_wconf 79' lang='lat' dir='ltr'><strong>quomque“,</strong></span> <span class='ocrx_word' id='word_1_215' title='bbox 500 2823 582 2899; x_wconf 77' lang='lat' dir='ltr'><strong>quasi</strong></span> <span class='ocrx_word' id='word_1_216' title='bbox 602 2820 656 2878; x_wconf 87' lang='lat' dir='ltr'><strong>hoc</strong></span> <span class='ocrx_word' id='word_1_217' title='bbox 679 2839 734 2898; x_wconf 90' lang='lat' dir='ltr'><strong>pro</strong></span> <span class='ocrx_word' id='word_1_218' title='bbox 758 2839 963 2896; x_wconf 80' lang='lat' dir='ltr'><strong>quemcunque</strong></span> <span class='ocrx_word' id='word_1_219' title='bbox 985 2822 1056 2897; x_wconf 89' lang='lat' dir='ltr'><strong>poni</strong></span> <span class='ocrx_word' id='word_1_220' title='bbox 1077 2826 1186 2896; x_wconf 76' lang='lat' dir='ltr'><strong>posset.</strong></span> 
     </span>
     <span class='ocr_line' id='line_1_24' title="bbox 65 2922 1187 3000; baseline 0 -21"><span class='ocrx_word' id='word_1_221' title='bbox 65 2922 153 2994; x_wconf 84' lang='lat' dir='ltr'><strong>Quod</strong></span> <span class='ocrx_word' id='word_1_222' title='bbox 176 2941 265 3000; x_wconf 88' lang='lat' dir='ltr'><strong>quum</strong></span> <span class='ocrx_word' id='word_1_223' title='bbox 288 2941 346 2982; x_wconf 90' lang='lat' dir='ltr'><strong>non</strong></span> <span class='ocrx_word' id='word_1_224' title='bbox 369 2923 495 2996; x_wconf 74' lang='lat' dir='ltr'><strong>credam,</strong></span> <span class='ocrx_word' id='word_1_225' title='bbox 520 2930 617 2982; x_wconf 80' lang='lat' dir='ltr'><strong>tumen</strong></span> <span class='ocrx_word' id='word_1_226' title='bbox 642 2944 700 2982; x_wconf 90' lang='lat' dir='ltr'><strong>uon</strong></span> <span class='ocrx_word' id='word_1_227' title='bbox 718 2923 832 2994; x_wconf 88' lang='lat' dir='ltr'><strong>dubito,</strong></span> <span class='ocrx_word' id='word_1_228' title='bbox 857 2924 926 2999; x_wconf 91' lang='lat' dir='ltr'><strong>quin</strong></span> <span class='ocrx_word' id='word_1_229' title='bbox 945 2928 1024 2979; x_wconf 82' lang='lat' dir='ltr'><strong>recte</strong></span> <span class='ocrx_word' id='word_1_230' title='bbox 1042 2923 1187 2979; x_wconf 77' lang='lat' dir='ltr'><strong>iunxerit:</strong></span> 
     </span>
     <span class='ocr_line' id='line_1_25' title="bbox 68 3021 1185 3105; baseline -0.001 -21"><span class='ocrx_word' id='word_1_231' title='bbox 68 3045 194 3099; x_wconf 84' lang='lat' dir='ltr'><strong>„uerum</strong></span> <span class='ocrx_word' id='word_1_232' title='bbox 218 3045 272 3086; x_wconf 82' lang='grc'><strong>888</strong></span> <span class='ocrx_word' id='word_1_233' title='bbox 295 3027 464 3086; x_wconf 85' lang='lat' dir='ltr'><strong>homunculi</strong></span> <span class='ocrx_word' id='word_1_234' title='bbox 487 3045 573 3105; x_wconf 89' lang='lat' dir='ltr'><strong>quom</strong></span> <span class='ocrx_word' id='word_1_235' title='bbox 599 3028 744 3104; x_wconf 84' lang='lat' dir='ltr'><strong>extemplo</strong></span> <span class='ocrx_word' id='word_1_236' title='bbox 768 3026 926 3096; x_wconf 76' lang='lat' dir='ltr'><strong>amisimus,</strong></span> <span class='ocrx_word' id='word_1_237' title='bbox 951 3025 995 3082; x_wconf 87' lang='lat' dir='ltr'><strong>vel</strong></span> <span class='ocrx_word' id='word_1_238' title='bbox 1019 3021 1185 3083; x_wconf 78' lang='lat' dir='ltr'><strong>emisimus“</strong></span> 
     </span>
     <span class='ocr_line' id='line_1_26' title="bbox 67 3125 1187 3208; baseline 0 -21"><span class='ocrx_word' id='word_1_239' title='bbox 67 3127 158 3206; x_wconf 88' lang='lat' dir='ltr'><strong>quod,</strong></span> <span class='ocrx_word' id='word_1_240' title='bbox 192 3131 217 3187; x_wconf 79' lang='lat' dir='ltr'><strong>ni</strong></span> <span class='ocrx_word' id='word_1_241' title='bbox 247 3129 375 3188; x_wconf 81' lang='grc'><strong>88111188</strong></span> <span class='ocrx_word' id='word_1_242' title='bbox 399 3131 562 3202; x_wconf 81' lang='lat' dir='ltr'><strong>retinetur,</strong></span> <span class='ocrx_word' id='word_1_243' title='bbox 600 3150 654 3208; x_wconf 91' lang='lat' dir='ltr'><strong>pro</strong></span> <span class='ocrx_word' id='word_1_244' title='bbox 688 3127 843 3188; x_wconf 83' lang='lat' dir='ltr'><strong>effudimus</strong></span> <span class='ocrx_word' id='word_1_245' title='bbox 876 3125 1101 3202; x_wconf 81' lang='lat' dir='ltr'><strong>intelligendum</strong></span> <span class='ocrx_word' id='word_1_246' title='bbox 1135 3133 1187 3187; x_wconf 82' lang='grc'><strong>881.</strong></span> 
     </span>
     <span class='ocr_line' id='line_1_27' title="bbox 66 3221 1190 3312; baseline 0 -22"><span class='ocrx_word' id='word_1_247' title='bbox 66 3233 136 3311; x_wconf 81' lang='lat' dir='ltr'><strong>lpse</strong></span> <span class='ocrx_word' id='word_1_248' title='bbox 168 3235 392 3312; x_wconf 84' lang='lat' dir='ltr'><strong>proposuerim:</strong></span> <span class='ocrx_word' id='word_1_249' title='bbox 441 3233 593 3306; x_wconf 83' lang='lat' dir='ltr'><strong>„Salillum</strong></span> <span class='ocrx_word' id='word_1_250' title='bbox 631 3234 746 3290; x_wconf 69' lang='lat' dir='ltr'><strong>enimse</strong></span> <span class='ocrx_word' id='word_1_251' title='bbox 779 3251 866 3308; x_wconf 91' lang='lat' dir='ltr'><strong>quom</strong></span> <span class='ocrx_word' id='word_1_252' title='bbox 901 3232 1049 3310; x_wconf 84' lang='lat' dir='ltr'><strong>extemplo</strong></span> <span class='ocrx_word' id='word_1_253' title='bbox 1081 3221 1190 3290; x_wconf 70' lang='lat' dir='ltr'><strong>mlueri</strong></span> 
     </span>
     <span class='ocr_line' id='line_1_28' title="bbox 68 3329 1188 3413; baseline -0.003 -18"><span class='ocrx_word' id='word_1_254' title='bbox 68 3333 237 3396; x_wconf 76' lang='lat' dir='ltr'><strong>amisimus“</strong></span> <span class='ocrx_word' id='word_1_255' title='bbox 260 3366 297 3377; x_wconf 91' lang='lat'>-</span> <span class='ocrx_word' id='word_1_256' title='bbox 323 3338 394 3395; x_wconf 88' lang='grc'>495.</span> <span class='ocrx_word' id='word_1_257' title='bbox 418 3333 527 3413; x_wconf 81' lang='lat' dir='ltr'><strong>Aequo</strong></span> <span class='ocrx_word' id='word_1_258' title='bbox 550 3338 584 3393; x_wconf 87' lang='lat' dir='ltr'><strong>A.</strong></span> <span class='ocrx_word' id='word_1_259' title='bbox 608 3363 644 3375; x_wconf 90' lang='lat'>-</span> <span class='ocrx_word' id='word_1_260' title='bbox 669 3335 741 3395; x_wconf 84' lang='lat'><strong>496.</strong></span> <span class='ocrx_word' id='word_1_261' title='bbox 766 3331 808 3394; x_wconf 81' lang='lat' dir='ltr'><strong>ad</strong></span> <span class='ocrx_word' id='word_1_262' title='bbox 829 3329 1039 3394; x_wconf 74' lang='lat' dir='ltr'><strong>Acheruntem</strong></span> <span class='ocrx_word' id='word_1_263' title='bbox 1061 3337 1096 3408; x_wconf 92' lang='lat' dir='ltr'><strong>A,</strong></span> <span class='ocrx_word' id='word_1_264' title='bbox 1120 3337 1139 3393; x_wconf 92' lang='lat' dir='ltr'><strong>i.</strong></span> <span class='ocrx_word' id='word_1_265' title='bbox 1164 3355 1188 3392; x_wconf 94' lang='grc'><strong>8.</strong></span> 
     </span>
     <span class='ocr_line' id='line_1_29' title="bbox 68 3427 1187 3516; baseline -0.002 -18"><span class='ocrx_word' id='word_1_266' title='bbox 68 3439 158 3516; x_wconf 80' lang='lat' dir='ltr'><strong>apud,</strong></span> <span class='ocrx_word' id='word_1_267' title='bbox 192 3459 219 3498; x_wconf 86' lang='lat' dir='ltr'><strong>v.</strong></span> <span class='ocrx_word' id='word_1_268' title='bbox 244 3441 281 3498; x_wconf 84' lang='lat' dir='ltr'><strong>ed</strong></span> <span class='ocrx_word' id='word_1_269' title='bbox 310 3438 384 3498; x_wconf 87' lang='lat' dir='ltr'><strong>Rud.</strong></span> <span class='ocrx_word' id='word_1_270' title='bbox 415 3441 505 3498; x_wconf 78' lang='lat'><strong>1269.</strong></span> <span class='ocrx_word' id='word_1_271' title='bbox 541 3467 580 3476; x_wconf 92' lang='lat'><em>-</em></span> <span class='ocrx_word' id='word_1_272' title='bbox 615 3427 686 3497; x_wconf 84' lang='grc'>497.</span> <span class='ocrx_word' id='word_1_273' title='bbox 725 3434 806 3510; x_wconf 87' lang='lat' dir='ltr'><strong>„Au“</strong></span> <span class='ocrx_word' id='word_1_274' title='bbox 844 3438 900 3495; x_wconf 86' lang='lat' dir='ltr'><strong>del.</strong></span> <span class='ocrx_word' id='word_1_275' title='bbox 936 3437 986 3512; x_wconf 86' lang='lat' dir='ltr'><strong>R.;</strong></span> <span class='ocrx_word' id='word_1_276' title='bbox 1019 3437 1065 3495; x_wconf 85' lang='lat' dir='ltr'><strong>Fl.</strong></span> <span class='ocrx_word' id='word_1_277' title='bbox 1103 3433 1187 3512; x_wconf 86' lang='lat' dir='ltr'><strong>„Au“</strong></span> 
     </span>
     <span class='ocr_line' id='line_1_30' title="bbox 68 3535 1191 3620; baseline -0.004 -20"><span class='ocrx_word' id='word_1_278' title='bbox 68 3545 210 3620; x_wconf 72' lang='lat' dir='ltr'><strong>scripsit,</strong></span> <span class='ocrx_word' id='word_1_279' title='bbox 256 3543 381 3602; x_wconf 82' lang='lat' dir='ltr'><strong>Lorenz.</strong></span> <span class='ocrx_word' id='word_1_280' title='bbox 420 3539 513 3615; x_wconf 84' lang='lat' dir='ltr'><strong>,Ah“.</strong></span> <span class='ocrx_word' id='word_1_281' title='bbox 551 3536 632 3617; x_wconf 76' lang='lat' dir='ltr'><strong>quin</strong></span> <span class='ocrx_word' id='word_1_282' title='bbox 668 3540 701 3600; x_wconf 81' lang='lat' dir='ltr'><strong>tu</strong></span> <span class='ocrx_word' id='word_1_283' title='bbox 734 3542 770 3599; x_wconf 88' lang='lat' dir='ltr'><strong>A.</strong></span> <span class='ocrx_word' id='word_1_284' title='bbox 809 3536 926 3599; x_wconf 78' lang='lat' dir='ltr'><strong>mirum</strong></span> <span class='ocrx_word' id='word_1_285' title='bbox 964 3535 1041 3616; x_wconf 72' lang='lat' dir='ltr'><strong>quein</strong></span> <span class='ocrx_word' id='word_1_286' title='bbox 1074 3559 1191 3616; x_wconf 80' lang='lat' dir='ltr'><strong>semper</strong></span> 
     </span>
     <span class='ocr_line' id='line_1_31' title="bbox 68 3637 1190 3723; baseline -0.001 -20"><span class='ocrx_word' id='word_1_287' title='bbox 68 3646 180 3704; x_wconf 90' lang='lat' dir='ltr'><strong>ironice</strong></span> <span class='ocrx_word' id='word_1_288' title='bbox 209 3645 332 3718; x_wconf 87' lang='lat' dir='ltr'><strong>dicitur,</strong></span> <span class='ocrx_word' id='word_1_289' title='bbox 361 3665 388 3704; x_wconf 81' lang='lat' dir='ltr'><strong>v.</strong></span> <span class='ocrx_word' id='word_1_290' title='bbox 413 3645 450 3703; x_wconf 83' lang='lat' dir='ltr'><strong>ed</strong></span> <span class='ocrx_word' id='word_1_291' title='bbox 473 3644 579 3723; x_wconf 84' lang='lat' dir='ltr'><strong>Amph.</strong></span> <span class='ocrx_word' id='word_1_292' title='bbox 606 3646 675 3703; x_wconf 83' lang='lat'><strong>743.</strong></span> <span class='ocrx_word' id='word_1_293' title='bbox 705 3673 747 3683; x_wconf 89' lang='lat'><em>-</em></span> <span class='ocrx_word' id='word_1_294' title='bbox 776 3644 846 3702; x_wconf 86' lang='grc'><strong>498.</strong></span> <span class='ocrx_word' id='word_1_295' title='bbox 881 3657 992 3700; x_wconf 76' lang='lat' dir='ltr'><strong>nomen</strong></span> <span class='ocrx_word' id='word_1_296' title='bbox 1022 3637 1119 3714; x_wconf 78' lang='lat' dir='ltr'><strong>cluet,</strong></span> <span class='ocrx_word' id='word_1_297' title='bbox 1154 3643 1190 3702; x_wconf 88' lang='grc'><strong>81.</strong></span> 
     </span>
     <span class='ocr_line' id='line_1_32' title="bbox 71 3745 1189 3824; baseline -0.004 -15"><span class='ocrx_word' id='word_1_298' title='bbox 71 3750 142 3809; x_wconf 90' lang='grc'>310.</span> <span class='ocrx_word' id='word_1_299' title='bbox 174 3749 250 3822; x_wconf 81' lang='lat'><strong>622,</strong></span> <span class='ocrx_word' id='word_1_300' title='bbox 284 3749 303 3806; x_wconf 93' lang='lat' dir='ltr'><strong>i.</strong></span> <span class='ocrx_word' id='word_1_301' title='bbox 327 3767 351 3804; x_wconf 85' lang='lat' dir='ltr'><strong>e.</strong></span> <span class='ocrx_word' id='word_1_302' title='bbox 376 3753 517 3806; x_wconf 80' lang='lat' dir='ltr'><strong>mortuus.</strong></span> <span class='ocrx_word' id='word_1_303' title='bbox 551 3776 593 3787; x_wconf 96' lang='lat'><em>-</em></span> <span class='ocrx_word' id='word_1_304' title='bbox 629 3749 698 3806; x_wconf 78' lang='lat'>502.</span> <span class='ocrx_word' id='word_1_305' title='bbox 733 3746 826 3805; x_wconf 80' lang='lat' dir='ltr'><strong>Solita</strong></span> <span class='ocrx_word' id='word_1_306' title='bbox 855 3745 1024 3824; x_wconf 77' lang='lat' dir='ltr'><strong>sponsionis</strong></span> <span class='ocrx_word' id='word_1_307' title='bbox 1052 3745 1189 3820; x_wconf 85' lang='lat' dir='ltr'><strong>formula,</strong></span> 
     </span>
     <span class='ocr_line' id='line_1_33' title="bbox 70 3844 1191 3926; baseline -0.003 -18"><span class='ocrx_word' id='word_1_308' title='bbox 70 3875 98 3910; x_wconf 88' lang='lat' dir='ltr'><strong>v.</strong></span> <span class='ocrx_word' id='word_1_309' title='bbox 122 3851 159 3910; x_wconf 83' lang='lat' dir='ltr'><strong>ad</strong></span> <span class='ocrx_word' id='word_1_310' title='bbox 184 3851 250 3910; x_wconf 92' lang='lat' dir='ltr'><strong>Aul.</strong></span> <span class='ocrx_word' id='word_1_311' title='bbox 275 3851 345 3910; x_wconf 77' lang='lat'><strong>248.</strong></span> <span class='ocrx_word' id='word_1_312' title='bbox 395 3845 526 3912; x_wconf 72' lang='lat' dir='ltr'><strong>Habeam</strong></span> <span class='ocrx_word' id='word_1_313' title='bbox 545 3844 695 3926; x_wconf 75' lang='lat' dir='ltr'><strong>paulam?</strong></span> <span class='ocrx_word' id='word_1_314' title='bbox 727 3869 871 3920; x_wconf 80' lang='lat' dir='ltr'><strong>sororem,</strong></span> <span class='ocrx_word' id='word_1_315' title='bbox 902 3849 937 3906; x_wconf 89' lang='grc'><strong>81.</strong></span> <span class='ocrx_word' id='word_1_316' title='bbox 965 3848 1055 3908; x_wconf 87' lang='grc'><strong>1183.</strong></span> <span class='ocrx_word' id='word_1_317' title='bbox 1101 3847 1191 3906; x_wconf 84' lang='grc' dir='ltr'><strong>Ρ888.</strong></span> 
     </span>
     <span class='ocr_line' id='line_1_34' title="bbox 74 3944 1191 4029; baseline -0.005 -13"><span class='ocrx_word' id='word_1_318' title='bbox 74 3956 168 4016; x_wconf 84' lang='grc'><strong>1154;</strong></span> <span class='ocrx_word' id='word_1_319' title='bbox 206 3953 344 4029; x_wconf 77' lang='lat' dir='ltr'><strong>„Pactum</strong></span> <span class='ocrx_word' id='word_1_320' title='bbox 367 3974 429 4012; x_wconf 88' lang='lat' dir='ltr'><strong>rem</strong></span> <span class='ocrx_word' id='word_1_321' title='bbox 451 3950 590 4012; x_wconf 83' lang='lat' dir='ltr'><strong>hebeto“.</strong></span> <span class='ocrx_word' id='word_1_322' title='bbox 629 3983 663 3992; x_wconf 90' lang='lat'><em>-</em></span> <span class='ocrx_word' id='word_1_323' title='bbox 702 3955 770 4011; x_wconf 91' lang='grc'>505.</span> <span class='ocrx_word' id='word_1_324' title='bbox 812 3944 975 4011; x_wconf 75' lang='grc'><strong>11018808</strong></span> <span class='ocrx_word' id='word_1_325' title='bbox 1003 3945 1085 4010; x_wconf 71' lang='lat' dir='ltr'><strong>nihil</strong></span> <span class='ocrx_word' id='word_1_326' title='bbox 1115 3951 1191 4024; x_wconf 77' lang='lat' dir='ltr'><strong>erat,</strong></span> 
     </span>
     <span class='ocr_line' id='line_1_35' title="bbox 71 4050 1190 4129; baseline -0.006 -11"><span class='ocrx_word' id='word_1_327' title='bbox 71 4082 98 4118; x_wconf 89' lang='lat' dir='ltr'><strong>v.</strong></span> <span class='ocrx_word' id='word_1_328' title='bbox 122 4057 193 4117; x_wconf 77' lang='lat'><strong>428.</strong></span> <span class='ocrx_word' id='word_1_329' title='bbox 228 4085 269 4096; x_wconf 89' lang='lat'><em>-</em></span> <span class='ocrx_word' id='word_1_330' title='bbox 304 4060 373 4118; x_wconf 89' lang='grc'>506.</span> <span class='ocrx_word' id='word_1_331' title='bbox 408 4051 465 4115; x_wconf 70' lang='lat' dir='ltr'><strong>llio.</strong></span> <span class='ocrx_word' id='word_1_332' title='bbox 520 4056 555 4115; x_wconf 90' lang='lat' dir='ltr'><strong>R.</strong></span> <span class='ocrx_word' id='word_1_333' title='bbox 582 4050 692 4129; x_wconf 85' lang='lat' dir='ltr'><strong>„hoe“;</strong></span> <span class='ocrx_word' id='word_1_334' title='bbox 725 4054 775 4113; x_wconf 91' lang='lat' dir='ltr'><strong>Br.</strong></span> <span class='ocrx_word' id='word_1_335' title='bbox 799 4061 829 4112; x_wconf 87' lang='grc'><strong>81</strong></span> <span class='ocrx_word' id='word_1_336' title='bbox 858 4053 917 4112; x_wconf 83' lang='grc'><strong>8118</strong></span> <span class='ocrx_word' id='word_1_337' title='bbox 946 4055 1049 4112; x_wconf 78' lang='lat' dir='ltr'><strong>Attulit</strong></span> <span class='ocrx_word' id='word_1_338' title='bbox 1071 4061 1101 4112; x_wconf 90' lang='lat' dir='ltr'><strong>et</strong></span> <span class='ocrx_word' id='word_1_339' title='bbox 1122 4053 1190 4113; x_wconf 86' lang='lat' dir='ltr'><strong>Ter.</strong></span> 
     </span>
     <span class='ocr_line' id='line_1_36' title="bbox 72 4155 1192 4238; baseline -0.008 -16"><span class='ocrx_word' id='word_1_340' title='bbox 72 4163 162 4222; x_wconf 83' lang='lat' dir='ltr'><strong>Andr.</strong></span> <span class='ocrx_word' id='word_1_341' title='bbox 188 4163 249 4221; x_wconf 87' lang='grc'><strong>637</strong></span> <span class='ocrx_word' id='word_1_342' title='bbox 273 4181 332 4238; x_wconf 83' lang='lat' dir='ltr'>sq.:</span> <span class='ocrx_word' id='word_1_343' title='bbox 366 4159 458 4236; x_wconf 89' lang='lat' dir='ltr'><strong>„nihil</strong></span> <span class='ocrx_word' id='word_1_344' title='bbox 480 4158 594 4236; x_wconf 85' lang='lat' dir='ltr'><strong>pudent</strong></span> <span class='ocrx_word' id='word_1_345' title='bbox 615 4157 673 4234; x_wconf 85' lang='lat' dir='ltr'><strong>hic,</strong></span> <span class='ocrx_word' id='word_1_346' title='bbox 703 4157 754 4215; x_wconf 87' lang='lat' dir='ltr'><strong>uhi</strong></span> <span class='ocrx_word' id='word_1_347' title='bbox 775 4176 850 4233; x_wconf 78' lang='lat' dir='ltr'><strong>opus</strong></span> <span class='ocrx_word' id='word_1_348' title='bbox 873 4163 933 4228; x_wconf 74' lang='lat' dir='ltr'><strong>eet,</strong></span> <span class='ocrx_word' id='word_1_349' title='bbox 963 4157 1025 4216; x_wconf 90' lang='lat' dir='ltr'><strong>illic</strong></span> <span class='ocrx_word' id='word_1_350' title='bbox 1046 4157 1097 4215; x_wconf 91' lang='lat' dir='ltr'><strong>ubi</strong></span> <span class='ocrx_word' id='word_1_351' title='bbox 1118 4155 1192 4215; x_wconf 87' lang='lat' dir='ltr'><strong>nihil</strong></span> 
     </span>
     <span class='ocr_line' id='line_1_37' title="bbox 73 4255 1191 4343; baseline -0.006 -19"><span class='ocrx_word' id='word_1_352' title='bbox 73 4287 146 4343; x_wconf 83' lang='lat' dir='ltr'><strong>opus</strong></span> <span class='ocrx_word' id='word_1_353' title='bbox 169 4269 224 4338; x_wconf 83' lang='grc'><strong>881,</strong></span> <span class='ocrx_word' id='word_1_354' title='bbox 247 4263 288 4322; x_wconf 93' lang='lat' dir='ltr'><strong>ibi</strong></span> <span class='ocrx_word' id='word_1_355' title='bbox 310 4259 482 4322; x_wconf 86' lang='lat' dir='ltr'><strong>nerentur“.</strong></span> <span class='ocrx_word' id='word_1_356' title='bbox 506 4290 546 4301; x_wconf 96' lang='lat'>-</span> <span class='ocrx_word' id='word_1_357' title='bbox 577 4263 647 4320; x_wconf 88' lang='grc'>507.</span> <span class='ocrx_word' id='word_1_358' title='bbox 679 4255 785 4335; x_wconf 78' lang='lat' dir='ltr'><strong>Quom,</strong></span> <span class='ocrx_word' id='word_1_359' title='bbox 815 4282 842 4320; x_wconf 86' lang='lat' dir='ltr'><strong>v.</strong></span> <span class='ocrx_word' id='word_1_360' title='bbox 866 4259 902 4318; x_wconf 86' lang='lat' dir='ltr'><strong>ad</strong></span> <span class='ocrx_word' id='word_1_361' title='bbox 926 4260 1032 4337; x_wconf 89' lang='lat' dir='ltr'><strong>Amph.</strong></span> <span class='ocrx_word' id='word_1_362' title='bbox 1057 4261 1128 4320; x_wconf 89' lang='grc'>636.</span> <span class='ocrx_word' id='word_1_363' title='bbox 1151 4287 1191 4299; x_wconf 91' lang='grc'>-</span> 
     </span>
     <span class='ocr_line' id='line_1_38' title="bbox 58 4357 1192 4440; baseline -0.011 -9"><span class='ocrx_word' id='word_1_364' title='bbox 58 4373 143 4431; x_wconf 75' lang='grc'>509.</span> <span class='ocrx_word' id='word_1_365' title='bbox 168 4363 240 4428; x_wconf 77' lang='lat' dir='ltr'><strong>hoec</strong></span> <span class='ocrx_word' id='word_1_366' title='bbox 261 4382 321 4440; x_wconf 76' lang='lat' dir='ltr'><strong>res,</strong></span> <span class='ocrx_word' id='word_1_367' title='bbox 345 4368 622 4426; x_wconf 76' lang='grc'><strong>8881881888-</strong></span> <span class='ocrx_word' id='word_1_368' title='bbox 648 4365 717 4424; x_wconf 93' lang='grc'><strong>511.</strong></span> <span class='ocrx_word' id='word_1_369' title='bbox 742 4359 779 4422; x_wconf 82' lang='lat' dir='ltr'><strong>de</strong></span> <span class='ocrx_word' id='word_1_370' title='bbox 801 4357 928 4422; x_wconf 69' lang='lat' dir='ltr'><strong>dicullo</strong></span> <span class='ocrx_word' id='word_1_371' title='bbox 951 4363 1057 4440; x_wconf 80' lang='lat' dir='ltr'><strong>Bergk.</strong></span> <span class='ocrx_word' id='word_1_372' title='bbox 1078 4381 1131 4420; x_wconf 91' lang='lat' dir='ltr'><strong>em.</strong></span> <span class='ocrx_word' id='word_1_373' title='bbox 1154 4389 1192 4400; x_wconf 88' lang='grc'><strong>-·</strong></span> 
     </span>
    </p>
   </div>
   <div class='ocr_carea' id='block_1_5' title="bbox 0 0 1491 4996">
    <p class='ocr_par' dir='ltr' id='par_1_5' title="bbox 0 0 1491 4996">
     <span class='ocr_line' id='line_1_39' title="bbox 0 0 1491 4996; baseline 0 0"><span class='ocrx_word' id='word_1_374' title='bbox 0 0 1491 4996; x_wconf 95' lang='lat' dir='ltr'><strong> </strong></span> 
     </span>
    </p>
   </div>
  </div>
 </body>
</html>
