2930 5002
773 453 864 510 Plauti

304 643 428 709 Iterum
450 643 505 708 ille
527 664 600 709 eam
621 665 690 710 rem
713 644 891 712 indicatam
913 647 1079 729 indicat3·

305 753 429 819 Maiore
452 753 558 819 multa
579 753 698 819 multat
719 775 817 838 quam
840 755 932 822 litem
953 756 1116 824 auferunt.
1352 775 1387 827 2ο

305 863 414 930 Bonos
436 865 469 928 in
492 861 565 928 aliis
586 863 709 929 tabulis
733 865 911 949 exscriptos
933 865 1044 932 habet.

305 975 413 1057 Atque
436 972 499 1038 hoc
521 972 651 1038 scelesti
674 973 706 1036 in
730 973 872 1038 animum
895 972 1056 1041 inducunt
1078 997 1182 1056 snum,

306 1082 417 1148 Iouem
439 1101 474 1146 se
496 1079 627 1164 plaeere
650 1101 747 1163 posse
770 1081 876 1162 donin,
899 1082 1027 1149 hostiis.
1053 1110 1054 1114 ¹

307 1191 351 1255 Et
374 1210 508 1274 operam
531 1196 564 1253 et
585 1195 750 1273 sumptum
773 1191 924 1274 perdunt.
968 1191 1005 1256 Id
1028 1213 1067 1258 eo
1089 1191 1135 1273 fit,
1157 1194 1236 1277 quia

306 1298 396 1365 Nihil
419 1298 448 1362 ei
470 1301 640 1381 acceptum
663 1303 716 1363 est
737 1318 758 1363 a
782 1300 921 1382 periuris
944 1301 1093 1386 supplici.

306 1406 450 1472 Facilius
471 1408 499 1470 si
522 1407 578 1490 qui
600 1409 674 1489 pius
697 1414 748 1472 eet
770 1426 790 1472 a
813 1406 863 1473 die
887 1409 1075 1493 supplicans

309 1516 412 1595 Quam
436 1517 492 1600 qui
516 1514 691 1581 scelestust
711 1516 859 1583 inueniet
879 1520 1010 1583 neniam
1032 1519 1104 1584 sibi.

309 1626 436 1691 idcirco
460 1645 575 1690 moneo
599 1646 659 1690 uos
683 1646 742 1708 ego
764 1624 836 1704 hoe,
859 1627 915 1710 qui
938 1628 1017 1693 estis
1039 1627 1118 1694 boni

310 1736 438 1820 Quique
460 1740 603 1800 aetatem
626 1734 723 1816 agitis
747 1753 818 1800 oum
842 1737 967 1820 pietate
990 1743 1118 1802 etcum
1140 1735 1213 1816 fide,

310 1847 460 1911 Retinete
482 1864 591 1927 porro,
614 1850 691 1926 poet
711 1844 832 1910 sactum
856 1851 893 1909 nt
915 1847 1090 1912 laetemini.

310 1955 413 2031 Nunc,
437 1952 502 2017 hue
524 1973 590 2036 qua
612 1973 710 2018 eausa
733 1953 819 2035 ueni,
842 1960 1069 2035 argumentum
1092 1953 1237 2037 eloquar.

395 2062 540 2127 Primum
563 2061 638 2127 dum
663 2061 738 2127 huic
761 2084 831 2128 esee
854 2082 970 2128 nomen
992 2061 1066 2128 urbi
1089 2061 1238 2146 Diphilus

312 2171 454 2255 Cyrenas
476 2171 591 2236 uoluit.
636 2171 707 2236 Illic
728 2171 858 2238 habitat
879 2172 1063 2238 Daemones

312 2280 349 2345 ln
371 2299 451 2363 agro
474 2286 573 2362 atque
595 2280 676 2345 uilla
698 2301 858 2362 proxuma
880 2287 1015 2364 propter
1038 2301 1136 2355 mere,

313 2389 418 2454 Senex
440 2389 496 2471 qui
518 2387 581 2452 huc
603 2389 740 2454 Athenis
764 2390 853 2455 exsul
878 2391 978 2464 uenit,
1001 2387 1088 2454 haud
1111 2388 1224 2454 malus.

312 2497 425 2582 Neque
447 2499 475 2562 is
498 2497 580 2562 adeo
602 2503 739 2581 propter
762 2498 920 2564 malitiam
944 2499 1052 2581 patria
1073 2502 1172 2577 caret,

313 2606 377 2672 Sed
399 2605 475 2670 dum
499 2605 581 2672 alios
605 2615 724 2686 seruet,
748 2627 782 2672 ee
805 2607 965 2690 inpediuit
986 2607 1134 2686 interim3

264 2705 265 2710 ’
314 2716 394 2780 Rem
416 2715 499 2782 bene
521 2721 669 2797 paratam
693 2716 847 2780 comitate
870 2715 1023 2800 perdidit.

315 2824 399 2890 Huic
419 2822 488 2889 filia
509 2821 586 2888 olim
608 2825 701 2908 uirgo
724 2826 822 2909 pariit
844 2825 996 2908 paruola3

314 2935 392 3000 Eam
417 2934 457 3000 de
480 2933 644 3019 praedone
667 2935 717 2999 uir
740 2941 904 2999 mereatur
925 2955 1112 3018 pessumum

313 3045 345 3109 le
368 3065 439 3109 eam
462 3041 526 3108 huc
549 3041 694 3126 Cyrenas
716 3043 791 3108 leno
815 3043 948 3109 adnexit
970 3041 1139 3125 uirginem.

313 3153 514 3218 Adulescens
536 3151 670 3234 quidam
694 3152 777 3218 einis
800 3151 896 3218 huius
920 3152 1048 3216 Atticus

314 3261 395 3326 Eam
418 3260 503 3327 uidit
524 3263 573 3327 ire
595 3283 613 3326 e
635 3260 714 3327 ludo
737 3261 881 3327 fidicinio
904 3260 1044 3325 domum.

315 3371 433 3436 Amare
456 3372 597 3454 oeeepit3
620 3370 663 3436 ad
684 3370 834 3436 lenonem
857 3368 1004 3448 deuenit3

314 3478 413 3544 Minis
435 3479 571 3562 triginta
594 3480 656 3544 sibi
679 3479 822 3564 puellam
845 3477 991 3544 destinat

315 3587 446 3671 Datque
468 3587 660 3656 arrabonem
685 3598 718 3654 et
739 3589 810 3653 iure
833 3586 971 3653 iurando
994 3586 1130 3669 adligat.

316 3695 349 3761 Is
372 3696 456 3776 leno,
479 3704 516 3762 ut
537 3719 571 3763 se
595 3718 733 3781 aequom
758 3702 817 3777 est,
840 3693 935 3762 flocci
956 3717 1022 3761 non
1044 3691 1123 3760 iecit
1143 3693 1240 3759 fidem

360 4015 393 4068 22
410 4013 540 4069 indicunt
625 4013 659 4066 23
677 4013 789 4082 placere
805 4009 834 4066 B
850 4027 885 4066 oa
901 4027 930 4080 p.
1016 4013 1114 4079 posset
1130 4009 1260 4064 omnibns
1278 4007 1354 4064 ostiis
1373 4008 1397 4063 G

274 4103 308 4154 24
325 4098 468 4168 perduunt
545 4099 579 4152 25
597 4116 613 4152 s
630 4098 761 4168 periuriis
779 4097 908 4166 supplicii
995 4097 1028 4150 26
1046 4095 1108 4163 plns
1186 4094 1239 4150 nii·
1257 4093 1285 4148 Β
1358 4095 1395 4146 st

276 4186 413 4240 scelestus
432 4192 476 4240 est
549 4186 584 4238 28
600 4185 670 4239 hoec
688 4201 741 4253 qne
760 4183 849 4238 uestis
924 4184 958 4236 29
975 4178 1186 4250 Conpletstet'
1251 4184 1279 4234 et
1293 4176 1345 4232 fide
1364 4178 1396 4234 Β

275 4274 309 4336 20
326 4271 497 4326 lotiminio
571 4271 605 4326 23
623 4268 737 4324 ffirenu
820 4267 965 4323 demonico
1049 4267 1083 4322 cs
1100 4265 1288 4336 inpediuntG
1359 4265 1395 4321 89

275 4355 361 4414 filicis
378 4357 459 4426 uirgo
528 4359 560 4410 41
580 4356 690 4411 eirenae
758 4356 792 4409 42
809 4354 912 4409 atticos
