2930 5002
91 490 127 556 ll,
145 493 170 554 6,
188 492 281 552 73-7,
300 494 317 545 8
583 491 704 546 Rudeus.

533 679 767 746 Charmides

90 789 180 868 Quid,
203 787 313 870 stulte,
336 788 470 872 ploras?
515 788 587 854 Tibi
612 790 742 873 quidem
767 790 883 874 edepol
906 793 1043 876 copiast,

90 897 170 962 Dum
193 897 306 982 lingue
328 899 427 978 uiuet,
451 899 597 983 quirem
621 899 732 964 solues
755 899 916 966 omnibus.

214 1257 491 1332 SGEPARNIO.
537 1258 743 1324 LABRAX.
794 1257 1080 1326 OHARMJDES.

537 1429 756 1510 Sceparnio

90 1535 172 1613 Quid
194 1537 273 1602 illuc
296 1537 433 1604 obsecro
456 1540 577 1621 negoti,
600 1539 688 1621 quod
711 1538 795 1604 duae
819 1539 1031 1605 mulierculae

91 1645 150 1710 Hic
172 1647 203 1711 in
226 1644 302 1712 lano
325 1646 461 1711 Ueneris
484 1648 611 1729 siguum
635 1645 750 1712 flentes
773 1647 943 1732 amplexae
966 1655 1088 1726 tenent,

93 1755 204 1820 Nescio
228 1777 324 1839 quem
348 1761 533 1821 metuentes
558 1757 719 1822 miserae?
743 1755 846 1821 Nocte
871 1754 932 1820 hac
955 1762 1027 1822 tota
1048 1780 1209 1842 proxuma

92 1863 130 1928 Se
151 1866 291 1930 iactatas
314 1871 411 1946 atque
434 1866 552 1930 eiectas
576 1863 673 1930 hodie
697 1886 769 1930 esse
793 1865 885 1930 aiunt
907 1884 924 1928 e
948 1865 1037 1928 mari.
1155 1884 1203 1937 551
1276 1845 1282 1864 ⁸

568 1995 724 2060 Labrax

93 2103 233 2170 Obsecro
256 2105 375 2183 hercle,
398 2103 601 2184 adulescens,
630 2104 686 2170 ubi
714 2105 817 2172 istaec
839 2110 917 2169 sunt
939 2125 1021 2189 quas
1044 2127 1206 2172 memoras

800 2212 977 2280 mulieres?

537 2334 756 2416 Sceparnio

94 2439 152 2506 Hic
173 2444 206 2507 in
227 2441 304 2508 fano
329 2441 475 2508 Ueneris.

568 2561 724 2628 Labrax

423 2670 511 2750 Quot
534 2673 631 2736 suut?

536 2812 756 2894 Sceparnio

606 2921 754 2988 Totidem
778 2928 860 3007 quot
882 2942 942 3004 ego
967 2928 1001 2987 et
1023 2929 1059 2987 tu
1082 2943 1204 2988 sumus.

567 3053 725 3119 Labraa
741 3051 742 3056 ’

95 3138 211 3224 Nempe
232 3161 334 3206 meae.

537 3248 754 3328 Sceparnio

349 3357 472 3441 Nempe
495 3358 605 3423 nescio
628 3357 722 3420 istuc.

566 3499 725 3564 Labrax

749 3605 820 3684 Qua
844 3611 920 3672 suut
942 3605 1048 3672 facie?

537 3749 757 3832 Sceparnio

1073 3854 1208 3921 Scitula.

100 3963 153 4030 Uel
174 3989 231 4050 ego
255 3987 367 4032 amare
386 3968 549 4032 utramuis
568 3967 697 4050 possim,
723 3968 751 4031 si
769 3965 872 4049 probe
891 3965 1033 4049 adpotus
1050 3965 1140 4029 siem.
1160 3980 1212 4033 555

175 4208 224 4260 548
242 4209 285 4288 est
301 4205 371 4260 illuc
391 4205 418 4272 0,
437 4205 505 4260 illuc
523 4211 567 4260 est
584 4206 612 4259 B
688 4205 739 4258 549
757 4205 882 4273 amplexa
903 4203 926 4258 Ο
1002 4203 1053 4256 550
1070 4202 1173 4255 misere
1192 4201 1214 4256 0

183 4291 233 4348 hcc
253 4309 290 4348 uo
307 4293 436 4361 proxima
454 4291 491 4360 Β,
510 4292 562 4346 hac
581 4309 638 4346 uon
656 4289 826 4360 proximat)
909 4291 957 4342 551
978 4289 1066 4343 iactae
1161 4289 1211 4340 555

103 4375 211 4440 probeat
227 4377 377 4448 potuireim
396 4375 418 4430 0
