3002 5000
752 499 844 554 Plauti

695 689 901 754 Dordalus

541 797 638 883 Apud
661 805 703 864 te.

720 919 880 984 Pocrilus

591 1031 661 1109 Ain,
684 1027 772 1112 apud
794 1048 845 1093 me
869 1031 941 1093 eat?

696 1171 902 1236 Dordalus

674 1281 744 1358 Aio,
768 1281 910 1361 inquam.
956 1280 1052 1364 Apud
1075 1286 1109 1344 te
1132 1285 1191 1356 eet,
1215 1280 1364 1361 inquam.

716 1423 883 1487 Toxilus

236 1535 287 1598 lta
309 1555 360 1600 me
384 1534 417 1598 di
440 1538 560 1612 ament,
584 1539 621 1596 ut
645 1531 685 1597 ob
710 1533 814 1596 istane
834 1553 901 1595 rem
927 1531 989 1596 eibi
1006 1530 1110 1597 multa
1128 1531 1217 1596 bona
1234 1531 1366 1595 instant

952 1661 973 1704 a
995 1661 1055 1704 me.
1309 1657 1367 1708 490

139 1744 143 1755 '
236 1751 318 1816 Nam
337 1758 390 1817 est
408 1772 460 1816 res
478 1750 650 1832 quaedam,
674 1771 773 1833 quam
791 1748 999 1826 occultabam
1017 1748 1077 1814 eibi
1098 1749 1208 1813 dicere
1221 1769 1366 1812 -nune

907 1851 912 1914 ἱ
951 1879 1023 1923 eam
1046 1857 1190 1923 narrabo
1211 1893 1253 1902 —

233 1967 326 2032 Unde
350 1976 386 2032 tu
412 1967 594 2050 pergrande
618 1967 745 2032 lucrum
769 1965 883 2032 facies.
937 1967 1068 2031 Faciam
1097 1975 1134 2030 ut
1161 1968 1226 2030 mei
1248 1967 1365 2031 memi-

233 2161 272 2226 Π.
950 2076 1046 2158 neris,
1070 2075 1147 2139 dum
1171 2077 1274 2140 uitem

262 2183 346 2228 ruas.

697 2247 900 2312 Dordalus

296 2355 384 2422 Bene
397 2357 494 2421 dietis
506 2359 573 2422 tuis
587 2357 670 2422 bene
682 2357 775 2421 faeta
787 2378 881 2422 aurea
895 2377 987 2421 meae
1000 2354 1156 2422 auxilium
1170 2365 1367 2438 exposcunt.

714 2500 882 2564 Toxilus

233 2607 336 2674 Tuum
368 2610 580 2691 promeritum
612 2615 662 2674 est
691 2611 807 2674 merito
836 2618 873 2673 ut
900 2607 1037 2688 faciam3
1071 2614 1104 2672 et
1132 2617 1168 2672 ut
1198 2629 1248 2671 me
1273 2607 1367 2674 scias

952 2738 1022 2781 esse
1045 2717 1287 2792 defecturum,

232 2825 386 2892 Tabellas
409 2834 485 2891 tene
507 2827 582 2906 has;
608 2826 743 2911 pellege.

696 2944 899 3010 Dordalus

438 3053 509 3120 Hae
533 3054 613 3138 quid
637 3055 777 3119 adme?

715 3175 885 3239 Toailas

608 3285 710 3348 Immo
734 3284 777 3348 ad
798 3290 832 3349 te
856 3282 1016 3360 adtinere,
1041 3289 1074 3347 et
1096 3289 1155 3347 tua
1178 3281 1287 3347 refert.
1308 3301 1369 3354 495

236 3393 320 3458 Nam
344 3414 383 3456 ex
406 3391 519 3456 Persia
542 3393 656 3456 adme
680 3392 799 3457 adlatae
824 3399 901 3458 sunt
922 3394 1026 3456 istaec
1050 3391 1127 3456 mihi
1152 3389 1188 3456 ab
1212 3412 1272 3456 ere.

694 3535 899 3600 Dordalus

1002 3643 1164 3722 Quando?

715 3752 880 3815 Toxilus

1105 3837 1202 3903 Haud
1226 3837 1365 3906 dudum.

237 3961 267 3968 ..⁴-
280 3961 439 3968 ...α-ου,-

319 4044 370 4096 490
388 4041 433 4095 dei
452 4042 477 4094 A
521 4037 524 4044 ’
582 4043 664 4096 istam
681 4040 735 4096 Be
839 4045 890 4096 492
908 4042 1009 4096 uitaG
1109 4045 1161 4098 493
1179 4043 1262 4098 Uiues
1280 4052 1365 4100 ente·

234 4129 339 4184 cedenti
355 4143 434 4182 aerea
513 4128 655 4181 benedicis
674 4129 701 4181 B
786 4129 856 4182 aetia
875 4133 901 4181 A
985 4129 1164 4196 expostulant
1181 4128 1235 4184 ΒΟ
1309 4134 1368 4187 494

235 4215 350 4267 messias
368 4213 395 4267 B
482 4214 532 4267 495
551 4213 652 4281 pellige
671 4213 724 4268 BC
806 4215 929 4268 alienent
948 4215 972 4264 A
1059 4217 1110 4268 496
1130 4234 1144 4268 e
1163 4214 1215 4269 Rc
1294 4227 1369 4272 sunt

235 4303 321 4353 istaec
341 4300 452 4352 adlatae
470 4297 674 4352 mihi..
692 4302 730 4366 A,
751 4299 786 4352 ad
804 4316 847 4352 me
867 4299 966 4352 allatae
985 4299 1069 4352 modo
1089 4307 1154 4354 sunt
1172 4302 1243 4355 istae
1262 4319 1278 4356 a
1296 4319 1369 4360 meo

236 4387 350 4439 domino
368 4385 420 4438 Bo
487 4383 601 4437 dubium
622 4383 644 4437 Ο
