2930 5002
603 506 723 562 Rudent.
842 543 847 554 κ

386 831 593 897 LABRAX.
644 833 930 900 CHARMIDES.

579 1025 733 1093 Labrone

99 1133 159 1211 Qui
181 1135 279 1200 homo
303 1154 376 1199 sese
399 1154 467 1200 cece
489 1136 642 1202 miserum
666 1144 699 1202 et
721 1137 904 1203 mendicum
926 1137 1025 1218 uolet,

97 1242 252 1327 Neptuno
276 1243 390 1308 credat
412 1264 483 1309 sese
506 1250 607 1328 atque
630 1253 774 1312 aetatem
797 1267 906 1326 suam3
1165 1265 1216 1316 475

97 1349 181 1416 Nam
206 1351 235 1415 si
257 1352 330 1434 quis
353 1371 426 1416 cum
449 1372 488 1416 eo
511 1352 590 1435 quid
613 1353 660 1418 rei
683 1355 885 1434 comiscuit,

99 1461 148 1527 dd
170 1461 235 1526 hcc
258 1459 442 1544 exemplum
465 1463 588 1526 amittit
610 1469 762 1527 ornatum
786 1463 927 1530 domum.

97 1569 224 1654 Edepol
246 1569 397 1635 Libertas
419 1569 531 1653 lepida
554 1591 595 1648 es,
620 1591 705 1655 quae
728 1592 905 1656 numquam
927 1572 1043 1656 pedem

97 1677 243 1744 Uoluisti
265 1679 299 1742 in
321 1699 439 1744 nauem
463 1699 535 1743 cum
559 1677 698 1745 Hercule
719 1701 786 1744 una
807 1681 972 1764 inponere.

96 1785 158 1852 Sed
183 1787 240 1851 ubi
263 1785 318 1851 illo
342 1807 431 1852 meus
454 1793 506 1851 est
527 1786 657 1872 hospes,
680 1789 735 1873 qui
758 1809 809 1854 me
832 1788 998 1872 perdidit?
1164 1807 1217 1860 480

95 1897 205 1980 Atque
228 1914 338 1960 eccum
361 1895 492 1960 incedit.

500 2011 506 2022 ·
541 2047 770 2126 Charmides

540 2157 611 2234 Quo
634 2159 755 2225 malum
778 2180 942 2244 properas,
966 2159 1119 2226 Labrax?

97 2267 181 2334 Nam
204 2267 356 2352 equidem
377 2273 411 2332 te
433 2287 561 2350 nequeo
585 2269 741 2352 consequi
763 2275 832 2333 tam
854 2275 995 2334 strenue.

580 2444 736 2512 Labrax

96 2551 239 2634 Utinam,
262 2561 295 2620 te
318 2557 410 2641 prius
433 2577 532 2641 quam
555 2555 658 2620 oculis
680 2555 838 2621 uidissem
860 2555 950 2636 meis,
1015 2638 1018 2644 Ι

97 2663 184 2728 Malo
207 2665 355 2730 cruciatu
378 2665 411 2729 in
434 2663 546 2729 Sicilia
569 2663 760 2747 perbiberet,

97 2769 201 2848 Quem
223 2779 358 2858 propter
379 2773 442 2838 hoc
464 2772 542 2837 mihi
566 2773 685 2855 optigit
708 2772 826 2838 misero
848 2773 936 2838 mali.
1165 2791 1215 2846 435

543 2936 700 3005 charmi
707 2941 729 3004 d
736 2961 773 3004 es

97 3046 238 3128 Utinam,
260 3068 359 3131 quom
380 3049 414 3112 in
437 3047 528 3113 aedis
550 3069 601 3112 me
624 3048 666 3114 ad
688 3055 721 3114 te
744 3047 910 3113 adduxisti
933 3053 1014 3128 tuas,

96 3153 133 3218 ln
155 3175 288 3220 carcere
310 3155 368 3222 illo
390 3156 500 3239 potius
524 3156 708 3222 cubuissem
731 3156 798 3235 die;

97 3263 250 3349 Deosque
273 3263 457 3330 inmortalis
480 3282 612 3348 quaeso,
638 3264 715 3330 dum
737 3267 839 3344 ninas,
863 3266 912 3330 uti

97 3373 210 3439 Omnis
232 3374 282 3438 tui
305 3371 419 3440 similis
441 3371 585 3457 hospites
607 3372 730 3438 habeas
753 3372 823 3439 tibi.

576 3549 735 3616 Labrax

97 3659 217 3726 Malam
240 3660 421 3726 Fortunam
443 3661 478 3725 in
499 3659 591 3726 aedis
613 3667 646 3726 te
669 3659 792 3724 adduxi
815 3679 913 3723 meae.
1165 3675 1216 3728 490

97 3768 182 3846 Quid
203 3769 284 3834 mihi
308 3768 447 3835 scelesto
470 3769 532 3834 tibi
555 3775 626 3833 erat
647 3767 868 3833 auscultatio?

99 3874 225 3953 Quidue
249 3878 326 3943 hinc
348 3878 474 3944 abitio?
498 3878 618 3962 quidue
641 3877 675 3942 in
697 3897 817 3941 nauem
838 3875 1008 3956 insecutio,

98 3985 162 4052 Ubi
184 3987 315 4071 perdidi
338 3987 437 4053 etiam
459 3985 534 4071 plus
557 3985 635 4051 boni
658 4006 755 4069 quam
776 3982 855 4050 mihi
876 3982 960 4050 fuit?

183 4229 234 4282 474
253 4243 314 4282 esse
331 4242 381 4282 orn.
452 4227 552 4280 mirum
572 4224 595 4279 0
660 4225 711 4278 479
727 4223 822 4278 hercle
894 4223 945 4276 485
964 4222 1052 4292 optigi
1071 4221 1093 4277 0
1166 4221 1217 4275 488

100 4317 161 4366 tuas
179 4329 237 4381 om,
257 4311 424 4368 Glcmmam
439 4311 548 4366 indicat
641 4311 693 4363 487
710 4310 852 4364 incarcere
872 4307 895 4362 0
986 4309 1037 4362 489
1054 4307 1095 4360 lui
1113 4305 1216 4360 similes

100 4399 148 4452 491
168 4400 220 4454 erit
238 4399 261 4454 0
326 4399 378 4454 492
396 4397 473 4453 abito

978 4498 1013 4552 εἰ
