3002 5000
110 487 159 554 lv,
180 491 204 552 3,
226 489 326 540 12-20
639 486 731 541 Persa.
1203 499 1243 558 45
1332 549 1336 560 Ι

111 679 231 762 Itaque
255 677 332 742 huie
354 675 493 740 insidiae
516 683 655 759 paratae
680 684 756 741 eunt
774 676 886 759 probe.
922 679 1107 761 Adgrediar
1125 682 1241 747 uirum.

112 787 202 865 Quid
227 787 320 870 agie?

575 893 781 960 Dordalus

343 967 458 1046 Credo.

598 1087 763 1153 Toaeilus

495 1195 587 1262 Unde
611 1199 682 1280 agie
705 1204 748 1276 ie,
772 1197 938 1265 Dordale?

574 1315 779 1382 Dordalus

982 1428 1087 1495 Credo
1110 1431 1182 1496 ribi.

596 1535 761 1600 Toaeilue

105 1654 150 1718 Di
176 1651 264 1724 dent,
289 1668 373 1731 quae
396 1646 486 1712 uelis.
524 1644 594 1710 Eho
617 1665 659 1710 an
681 1647 747 1709 iam
772 1665 871 1710 manu
895 1646 1032 1710 emisisti
1050 1646 1241 1712 mulierem?

576 1764 780 1830 Dordalus

105 1879 221 1946 Credo
245 1876 371 1960 edepol,
396 1875 503 1954 oredo,
527 1876 673 1958 inquam,
696 1873 767 1940 tibi.

596 1993 760 2058 Toxilus

727 2101 797 2167 Iam
820 2102 943 2168 liberta
966 2105 1112 2168 auotu’s?

573 2221 777 2306 Dordaljua

1108 2311 1239 2377 Enicas.

101 2428 197 2506 Quin
221 2424 282 2490 tibi
307 2445 356 2486 me
381 2421 453 2486 dioo
476 2419 619 2486 credere.

594 2527 760 2594 Tooilus

653 2638 714 2703 Dio
738 2635 926 2703 bonafide:
951 2639 1016 2701 iam
1039 2636 1145 2702 libera
1168 2639 1240 2704 esi?

574 2757 777 2823 Dordalus

103 2874 118 2938 Ι
147 2873 192 2937 ad
219 2851 338 2950 iorum3
374 2875 567 2953 apraeiore
594 2868 743 2950 exquire,
778 2867 804 2930 ei
836 2865 967 2948 quidem
997 2867 1129 2931 eredere
1158 2866 1239 2931 mihi

830 2996 893 3038 ooo
917 2977 978 3039 uis.
1188 2992 1240 3044 485

104 3091 241 3165 Libera,
265 3092 409 3170 inquam,
433 3094 497 3166 est3
522 3083 639 3168 ecquid
663 3083 782 3148 audie?

588 3203 756 3268 Toxilus

650 3315 693 3378 At
713 3313 774 3378 eibi
799 3312 831 3377 di
855 3311 937 3378 bene
960 3311 1086 3377 faciant
1109 3311 1236 3377 omues!

107 3429 295 3509 Numquam
325 3426 410 3489 enim
441 3423 579 3508 posthae
609 3421 671 3486 tibi
700 3441 759 3486 neo
787 3430 917 3487 tuorum
947 3422 1126 3505 quoiquam
1150 3419 1238 3504 quod

828 3529 913 3595 nolis
936 3528 1056 3594 uolam.

570 3637 775 3706 Dordalus

106 3753 184 3833 Abi,
206 3775 245 3818 ne
268 3754 355 3831 iura3
378 3752 459 3816 eatis
482 3748 590 3814 oredo.

594 3867 759 3932 Toxilus

109 3980 179 4046 Ubi
200 4001 284 4047 nuno
307 3989 366 4046 tua
389 3979 509 4045 liberta
532 3977 605 4042 eat?

106 4135 315 4145 Μ

200 4221 248 4274 483
266 4219 373 4289 opole
439 4217 553 4273 liber-G
620 4223 718 4272 auctor
737 4235 766 4270 ea
784 4215 835 4271 ΒΟ
903 4218 953 4270 485
972 4215 983 4269 Ι
1001 4217 1012 4269 i
1031 4215 1065 4269 ad
1084 4213 1136 4268 ΒΟ
1200 4214 1236 4268 ad

107 4311 272 4375 praetorem
290 4305 341 4361 ΒΟ
425 4305 494 4358 mihi
512 4302 669 4358 credereA
756 4305 808 4356 487
826 4300 1024 4372 quiqu..quid
1043 4301 1076 4367 A,
1096 4302 1170 4369 quod
1189 4299 1239 4353 BC

108 4391 169 4446 489
184 4391 307 4448 libertast
325 4393 359 4454 Δ,
378 4389 492 4444 liberta·
510 4389 562 4444 BC
