2920 4998
264 459 325 521 508
756 456 878 511 Rudsns.

261 649 359 708 verbis
382 652 521 728 praeierit,
545 653 709 709 iuraturum
727 672 758 710 se
776 654 940 728 promittit3
964 653 1093 726 linguam
1117 654 1195 710 enirn
1224 671 1260 710 se
1285 650 1384 709 habers

262 753 397 813 idoneam
421 759 450 812 et
473 753 547 812 nihil
569 760 750 830 gravantem,
773 754 809 812 cf.
837 757 928 814 1342.
963 755 1068 813 Bacch.
1089 757 1166 814 222:
1193 754 1309 828 „Domi
1330 758 1380 824 est,

262 877 321 916 non
344 862 443 915 metuo
464 877 517 914 nec
539 858 699 932 quoiquam
723 853 875 933 supplico“
901 877 966 917 cum
985 863 1084 916 annot.
1131 857 1200 930 „id“
1223 857 1289 916 del.
1308 856 1380 914 Reiz.

261 954 322 1019 ulli
344 959 411 1019 cdd.
434 988 476 1000 -
508 961 596 1018 1323.
621 953 740 1019 Deiera
762 960 859 1036 Rois,
890 960 926 1018 ol.
950 960 1029 1018 Men.
1054 963 1124 1019 801.
1153 989 1196 1000 --
1229 961 1323 1019 1324.
1351 957 1379 1015 lu

261 1063 378 1134 addidi,
405 1057 486 1136 „tui“
511 1061 599 1136 Seyff.
622 1061 706 1120 Stud.
731 1081 760 1139 p.
785 1063 840 1134 243
863 1062 967 1122 Muell.
993 1060 1123 1136 „illius“.
1434 1062 1436 1125 ,¹

227 1197 232 1206 ·
349 1166 514 1224 1325-28
538 1169 568 1223 et
593 1184 660 1222 mox
685 1167 763 1224 1331
790 1163 899 1244 Gripus
924 1166 1031 1243 praeire
1053 1171 1083 1224 et
1105 1165 1224 1224 Labrax
1249 1171 1374 1242 repetere

261 1267 400 1328 censendi
421 1273 501 1327 sunt.
547 1266 677 1326 Sanariis
694 1269 912 1327 iusiurandum
931 1274 1106 1345 conceptum
1129 1273 1175 1328 cst
1196 1274 1229 1326 et
1252 1286 1319 1343 quae
1339 1286 1375 1324 se

262 1377 403 1449 quantur.
426 1401 469 1411 -
493 1371 583 1431 1329.
607 1371 714 1430 Hietur
738 1375 857 1447 etpost
878 1386 933 1447 eqo
956 1376 985 1429 et
1007 1376 1076 1448 post
1098 1364 1209 1446 Gripo
1245 1369 1372 1428 Mueller.

261 1474 381 1534 Nachtr.
405 1493 434 1550 p.
461 1475 520 1532 110
546 1472 660 1550 „digito
683 1470 816 1547 tangito“
842 1475 970 1552 scripsit,
1000 1473 1079 1550 quod
1101 1473 1168 1531 idco
1193 1493 1251 1532 non
1277 1472 1372 1548 recepi,
1441 1526 1442 1553 ,

261 1578 331 1655 quia
353 1578 383 1634 in
406 1577 540 1653 proximo
564 1595 650 1634 versu
674 1576 762 1633 iidem
786 1577 885 1634 hiatus
909 1576 1037 1634 redeunt
1059 1578 1294 1652 necquidquam
1314 1573 1371 1634 addi
1441 1564 1442 1567 ¹

260 1699 348 1759 posse
370 1679 498 1737 videtur.
522 1707 565 1718 -—
589 1681 679 1737 1332.
704 1678 795 1736 Deest
817 1679 941 1752 syllaba.
987 1671 1052 1738 Sed
1070 1679 1155 1738 Both.
1175 1678 1263 1750 add.;
1285 1677 1370 1754 Gepp.

265 1780 358 1856 „At“;
382 1783 426 1840 Fl.
454 1780 502 1854 „Si
526 1777 755 1854 defraudassis“,
779 1781 858 1857 quod
882 1781 960 1840 aliud
984 1781 1138 1858 significet.
1161 1811 1205 1820 --
1229 1776 1299 1854 „tc“
1323 1800 1371 1839 om.

261 1884 308 1944 Fl.
333 1913 369 1924 -
398 1886 488 1943 1333.
513 1878 658 1954 eradicet,
681 1904 709 1942 v.
734 1882 772 1941 ad
794 1884 862 1942 Aul.
883 1885 952 1943 292.
978 1913 1018 1923 -
1044 1887 1135 1943 1334.
1157 1883 1230 1942 Post
1252 1879 1371 1954 111111·
1441 1914 1442 1949 i

260 1989 335 2045 tima
356 1988 457 2062 longa,
491 1987 599 2045 hiatus.
656 1986 790 2045 Mueller.
819 1993 870 2057 „ut
891 1984 962 2058 ut“;
997 1986 1048 2044 sed
1075 2005 1127 2044 nec
1154 1985 1211 2046 hoc
1232 2007 1288 2044 nec
1306 1983 1370 2043 illud

262 2095 363 2167 aptum
386 2096 439 2147 est.
492 2088 561 2146 Haec
584 2090 677 2162 enim,
702 2109 767 2165 qum
789 2108 886 2147 secum
910 2089 981 2148 dicit
1004 2088 1127 2166 Gripus,
1156 2091 1200 2146 ita
1222 2087 1371 2147 Lambinus
1442 2159 1443 2162 Ἴ

263 2193 406 2270 explicat:
446 2191 549 2264 „Hanc
570 2197 669 2249 tumen
693 2193 893 2269 precationem
912 2193 1006 2250 diram
1024 2193 1080 2249 tibi
1099 2197 1219 2251 servato
1238 2211 1327 2268 eaque
1345 2192 1371 2246 in
1442 2177 1443 2180 ¹

261 2299 345 2353 tuum
363 2298 453 2371 caput
471 2291 638 2352 uertatur“.
684 2293 796 2352 Eadem
814 2296 962 2353 sententis
979 2295 1057 2353 redit
1071 2313 1101 2352 r.
1117 2295 1197 2353 1339
1211 2301 1242 2352 ct
1254 2300 1370 2371 sptcax·

260 2417 367 2474 pressa
389 2403 418 2454 ct
441 2416 495 2455 suo
518 2397 596 2468 loco,
619 2397 667 2454 hie
689 2417 791 2456 versus
814 2401 934 2474 spurina
956 2397 1083 2456 videtur.
1105 2427 1146 2438 —
1170 2399 1263 2456 1335.
1286 2390 1370 2456 Illaec

261 2495 432 2560 aduersum
459 2499 594 2558 Mueller.
624 2529 664 2540 —-
697 2501 786 2559 1341.
822 2494 966 2559 Pastilli
988 2500 1100 2571 hiatus3
1134 2499 1180 2557 Fl.
1207 2497 1315 2572 ,illic“.
1336 2527 1367 2539 -
1440 2511 1441 2526 ¹

235 2675 238 2680 Ι
265 2604 355 2661 1342.
387 2597 484 2661 Meus
511 2593 712 2670 arbitratum,
747 2604 777 2660 in
806 2621 869 2659 meo
900 2601 1024 2660 arbitrio
1048 2607 1106 2674 ast,
1141 2601 1177 2660 ci.
1203 2603 1367 2660 41111759.

261 2735 304 2744 -
326 2701 410 2782 quod
430 2698 529 2776 iure13
553 2703 590 2762 de
613 2705 799 2762 coniunctivo
822 2707 857 2763 cf.
882 2705 920 2763 ad
942 2705 1005 2763 Mil.
1030 2706 1101 2763 916.

280 2790 283 2798 ’
326 2807 439 2865 .1344.
463 2805 605 2864 Extrema
627 2804 734 2864 fabulae
751 2827 846 2880 scena,
870 2815 904 2865 ut
923 2807 1007 2882 solat,
1029 2807 1187 2866 trochaicis
1205 2808 1368 2885 septenariis

261 2911 373 2988 scripta
395 2916 449 2968 est.
494 2909 637 2968 Personas
666 2915 747 2967 recte
776 2909 933 2968 distribuit
965 2909 1008 2967 Fl.
1033 2909 1088 2987 Ep.
1113 2913 1178 2969 crit.
1196 2931 1228 2987 p.
1245 2909 1366 2970 XXVIII.

262 3008 330 3072 letto
359 3011 406 3071 est
427 3012 507 3070 Cam.
552 3011 638 3085 Quod
666 3031 736 3072 vcro
765 3018 834 3091 post
863 3013 925 3070 haec
946 3011 991 3072 Fl.
1016 3013 1158 3072 excidisse
1185 3017 1275 3091 putat
1296 3013 1365 3090 Gripi

260 3115 350 3174 verba
379 3115 512 3190 quaedam
542 3114 637 3173 velut:
681 3115 754 3186 „llio
782 3120 851 3173 unte
884 3116 991 3174 ostium
1028 3116 1221 3192 reliqueram:
1255 3115 1306 3175 Set
1329 3135 1365 3173 ec·

261 3217 370 3288 cillum,
395 3235 488 3293 prope
507 3212 618 3289 astat,“
644 3219 708 3275 sine
732 3216 823 3274 dubio
839 3216 963 3275 fallitur.
983 3245 1023 3291 ὴ-
1045 3217 1134 3276 1346.
1158 3217 1194 3276 ut
1217 3213 1365 3296 quidquid,

261 3319 298 3381 ci.
322 3319 409 3377 Most.
433 3320 503 3377 816.
532 3318 618 3377 Truc.
639 3321 708 3378 223.
738 3319 963 3379 cesaraeae
1012 3325 1063 3394 „ut
1084 3317 1237 3396 quidque“
1263 3321 1366 3380 Reisina

261 3427 292 3480 et
313 3422 507 3500 posteriores,
536 3423 661 3480 maxime
682 3440 870 3480 numerorum
895 3441 991 3480 cansa.
1035 3413 1136 3494 infuit
1156 3421 1200 3480 Fl.
1227 3452 1264 3462 -
1291 3425 1365 3483 1347.

264 3520 320 3598 „o“
347 3523 405 3582 del.
429 3523 510 3583 Reiz.
534 3553 575 3565 -
600 3525 689 3583 1348.
714 3519 904 3600 siquidm,
933 3545 960 3582 v.
984 3523 1021 3582 ad
1044 3525 1107 3583 Mil.
1135 3525 1205 3584 189,
1228 3554 1270 3564 -
1291 3525 1366 3585 1352.

260 3621 409 3687 mehercle
432 3625 462 3698 O,
486 3626 682 3702 trisyllabum,
706 3625 978 3686 capescente.
1013 3627 1364 3706 Muell.Prosod.p.311
1428 3667 1429 3726 l

263 3725 399 3804 „hercle“
425 3729 564 3804 postulat,
592 3748 684 3805 esque
707 3728 743 3786 de
766 3748 867 3787 causa:
895 3749 950 3803 „ex
968 3733 1021 3787 tua
1037 3725 1268 3787 sententia“.-
1290 3731 1364 3789 1353.
1428 3727 1429 3737 ’

260 3823 356 3903 focile
377 3846 439 3890 non
463 3826 563 3902 crede,
587 3851 614 3890 v.
632 3831 669 3889 ad
686 3831 754 3890 Aul.
776 3833 847 3890 224.
870 3859 911 3870 -
937 3832 1026 3889 1354.
1051 3825 1128 3890 mihi
1150 3831 1256 3889 ultima
1277 3831 1362 3907 longa

261 3933 306 3995 Fl.
335 3941 386 4006 „tu
409 3928 512 3992 mihi“.
536 3961 576 3971 -
607 3934 696 3992 1355.
728 3928 869 3991 condono
892 3931 933 4005 le,
968 3933 1002 3990 ci.
1027 3933 1065 3992 ad
1088 3934 1192 3992 Bacch.
1220 3936 1306 3993 1142.
1333 3961 1361 3973 -·

261 4031 407 4114 Bem'que
425 4035 481 4094 cet.
495 4038 620 4107 ironice;
646 4035 800 4094 Daemones
817 4053 874 4092 non
892 4037 987 4092 minus
1004 4055 1091 4111 quam
1108 4035 1227 4094 Labrax
1249 4041 1362 4105 novaret,

261 4139 434 4198 Palaestram
459 4138 496 4196 ab
519 4157 555 4196 eo
577 4137 775 4197 abiudicatam
799 4157 871 4196 ease.
894 4165 936 4176 --
962 4139 1051 4196 1356.
1076 4151 1168 4214 quom
1190 4137 1258 4196 add.
1278 4138 1361 4198 hluell.

261 4239 344 4301 Pros.
364 4262 394 4318 p.
416 4241 491 4310 587,
515 4239 551 4298 cf.
572 4239 609 4296 ad
632 4239 695 4296 Mil.
719 4240 808 4297 1280.
842 4238 922 4296 Brix.
941 4240 1018 4297 Ann.
1039 4239 1112 4318 phil.
1131 4239 1254 4298 CXXXI
1269 4261 1296 4318 p.
1314 4243 1359 4299 201
