3002 5000
619 497 711 553 Persa.

575 686 742 752 Saturio

762 797 825 863 Res
848 799 897 862 ita
919 803 979 863 est.

571 939 739 1006 Toxilus

99 1043 157 1108 Hic
178 1043 254 1111 leno
277 1066 383 1130 neque
404 1053 438 1112 tc
461 1049 556 1113 nouit
578 1069 683 1132 neque
707 1055 840 1131 gnatam
862 1049 976 1113 tuam?

576 1201 744 1268 Saturio

99 1304 148 1372 Mo
171 1313 210 1372 ut
230 1309 402 1393 quicquam
424 1312 512 1375 norit
532 1311 598 1376 nisi
619 1310 685 1392 ille,
708 1312 766 1396 qui
788 1311 926 1396 praebet
948 1312 1078 1378 cibum?

575 1464 743 1530 Toxilus

99 1567 149 1634 Ita
171 1574 230 1636 cac.
274 1569 345 1637 Hoc
367 1577 404 1637 ιιι
427 1573 507 1637 mihi
529 1575 675 1658 reperire
697 1583 868 1658 argentum
890 1579 995 1659 potas.

580 1727 741 1794 Saturio

100 1831 201 1917 Cupio
222 1833 339 1901 hercle.

577 1969 741 2034 Toxilus

384 2073 466 2139 Tum
489 2081 526 2140 tu
548 2097 598 2142 mc
621 2078 691 2142 sinc
714 2076 803 2141 illam
825 2076 978 2142 uendere.
1169 2092 1217 2146 155

579 2229 739 2297 Saturio

100 2335 170 2400 Tun
191 2335 280 2401 illam
302 2337 449 2402 uenulas?

575 2469 739 2536 Toxilus

497 2577 599 2642 Immo
622 2579 722 2644 alium
745 2579 949 2663 adlegaucra

104 2681 162 2760 Qui
182 2684 314 2765 ueniat,
338 2686 395 2769 qui
418 2707 491 2752 case
512 2707 547 2752 se
570 2688 776 2771 peregrinum
799 2687 977 2771 praedicet,

103 2789 190 2858 Sicut
210 2795 285 2860 istic
307 2794 382 2860 leno
404 2816 470 2860 nou
493 2817 550 2861 sex
573 2798 693 2862 mensis
716 2794 901 2880 Megaribus

105 2897 172 2966 Huc
194 2908 245 2967 est
268 2924 367 2988 quom
390 2905 614 2988 conmigrauit.

578 3057 740 3125 Saturio

655 3167 797 3234 Pereunt
817 3166 991 3250 reliquium

107 3270 267 3340 Posterius
290 3275 376 3339 istuc
397 3281 505 3342 tamen
529 3282 648 3360 potest.

578 3419 743 3484 Toailus

680 3527 765 3607 Scin,
788 3546 885 3611 quam
908 3526 1039 3608 potest?
1171 3543 1221 3596 140

107 3630 280 3717 Numquam
304 3633 412 3700 hercle
434 3635 533 3701 hodia
555 3637 609 3700 hic
631 3638 722 3720 priua
746 3635 825 3716 edis,
847 3655 888 3700 ua
910 3633 1032 3698 frustra
1055 3634 1108 3714 sia,
1177 3711 1180 3722 Ι
1317 3636 1324 3641 ’

109 3737 204 3815 Quam
225 3749 260 3808 to
282 3742 345 3808 hoc
367 3743 543 3819 facturum,
568 3743 656 3827 quod
678 3765 767 3826 rogo,
791 3742 945 3809 adfirmas
969 3741 1061 3821 mihi;

109 3847 207 3932 Atque
229 3853 291 3917 nisi
314 3858 447 3934 gnatam
470 3858 578 3918 cecum
601 3852 666 3917 huc
689 3853 752 3916 iam
776 3857 935 3936 quantum
959 3857 1068 3934 potest

110 3953 254 4039 Adducis,
277 3961 406 4042 exigam
428 3960 538 4028 hercle
561 3982 622 4044 ego
645 3967 678 4025 tc
702 3983 741 4026 ex
763 3961 826 4026 hac
849 3961 991 4025 decuria.

111 4060 185 4139 Quid
206 4069 315 4133 nunc?
338 4069 416 4152 quid
441 4070 514 4134 eat?
537 4072 616 4152 quin
640 4069 729 4139 dicis.
755 4069 833 4153 quid
855 4069 1004 4133 facturus
1028 4067 1096 4132 sis?
1171 4085 1220 4136 146

112 4217 300 4232 w

190 4309 235 4360 135
253 4307 355 4362 uadare
373 4305 400 4359 B
480 4307 528 4359 13⁷
546 4305 632 4360 uadat
649 4306 676 4360 B
748 4307 909 4375 pergrinum
927 4304 956 4360 B
1030 4307 1079 4360 138
1096 4304 1220 4360 noudum

112 4402 154 4442 tax
169 4407 273 4448 mennas
345 4394 391 4446 141
411 4391 482 4446 aedi·
555 4395 603 4447 143
621 4396 747 4460 quantua
764 4389 799 4460 Β,
819 4408 902 4460 quam
920 4389 1022 4445 Tqu
