2920 4998
268 443 332 503 480
766 433 887 490 Rudens.

268 634 337 706 exit,
361 631 519 711 Sceparnio
543 633 661 709 cogitur
682 651 788 690 urnam
811 631 1001 706 introferre,
1024 652 1084 690 non
1105 632 1136 689 in
1159 632 1269 708 ipsum
1291 631 1401 692 fanum.

267 738 319 794 sed
341 739 371 795 in
393 755 492 794 aream
514 755 599 794 muro
622 734 848 808 circumdatam,
871 737 989 810 τέμενος,
1021 733 1072 792 nbi
1094 733 1200 792 lanum
1225 735 1330 792 sitnm
1352 737 1401 790 ost

352 1045 423 1102 474.
454 1041 623 1102 Adveninnt
646 1044 713 1103 leno
736 1051 767 1103 et
788 1044 898 1122 hospes
920 1045 996 1103 eins.
1041 1057 1105 1102 esse
1127 1041 1162 1100 R.
1188 1041 1331 1114 eddidit,
1354 1041 1402 1100 sed

268 1152 337 1204 ente
368 1143 481 1220 „aase“.
512 1175 554 1185 -
581 1147 653 1206 475.
684 1147 830 1222 aetatem,
863 1149 972 1216 vitam,
1002 1145 1037 1204 of.
1060 1144 1098 1203 ad
1118 1145 1234 1220 Amph.
1263 1146 1353 1204 1016
1376 1158 1402 1201 et

267 1248 351 1324 (lapt.
376 1250 445 1308 879.
475 1277 515 1290 --
544 1251 614 1308 477.
649 1245 704 1309 Ad
730 1245 793 1308 boc.
838 1248 900 1308 Fa:
939 1247 1033 1323 „Eum
1056 1247 1094 1304 ad
1117 1244 1208 1305 boc“.
1248 1276 1296 1287 —
1333 1249 1400 1306 ere.

266 1365 336 1410 crem
358 1345 494 1410 Hercule
514 1350 720 1411 Camerarius..
767 1351 836 1410 Hmc
859 1370 917 1429 quo
941 1355 1092 1430 spectent,
1121 1351 1324 1426 ignoramus,
1354 1349 1401 1408 sed

266 1456 414 1512 sententia
436 1457 507 1512 setis
530 1453 618 1512 clara.
663 1454 802 1514 Fortasse
825 1456 982 1514 dicterium
1005 1453 1127 1530 aliquod
1151 1455 1312 1512 comicum
1331 1455 1400 1524 fnit;
1448 1505 1449 1508 ,

266 1577 333 1615 nam
350 1562 385 1614 ut
404 1557 483 1634 apnd
495 1556 616 1618 Lucian.
630 1558 721 1618 Mero.
739 1559 824 1618 cond.
844 1561 882 1617 23
904 1556 1041 1616 Libertas
1057 1557 1115 1615 riri
1131 1557 1162 1614 in
1185 1555 1303 1616 divitis
1327 1555 1400 1616 redas

265 1680 425 1738 numquam
447 1661 559 1744 intrare
582 1660 707 1733 dicitur,
741 1662 786 1720 ita
812 1661 887 1719 alins
911 1660 1034 1732 diceret,
1069 1679 1134 1717 eam
1163 1661 1194 1717 in
1226 1679 1346 1719 navem
1367 1679 1400 1716 ne

267 1763 421 1821 Herculem
444 1763 563 1838 quidem
586 1764 736 1836 comitari3
761 1762 803 1822 ibi
825 1763 902 1821 enim
924 1782 1001 1822 unns
1025 1761 1197 1821 dominatur
1222 1764 1321 1822 navis
1343 1783 1399 1820 rna·

266 1869 371 1942 pistor,
406 1871 437 1923 et
458 1865 539 1943 quod
561 1869 681 1940 gravium
704 1870 765 1937 est,
799 1867 936 1924 norisio
958 1870 1033 1926 meri
1055 1866 1266 1942 navigantium
1300 1885 1400 1924 carcer
1449 1891 1450 1938 ι

265 1974 318 2027 est.
364 1968 505 2028 Fortasse
526 1968 627 2027 fabula
649 1969 706 2026 fuit·
728 1968 827 2045 eliqua
846 1968 1032 2040 Prodicians‚
1057 1988 1115 2044 qua
1132 1967 1314 2040 Herculem,
1336 1989 1399 2028 cnm
1449 1947 1450 1954 ¹

266 2075 295 2130 in
318 2073 418 2130 Asiam
441 2071 611 2148 navigaret,
645 2070 697 2129 nbi
720 2069 872 2149 Omphale
895 2075 1061 2132 serviturus
1084 2076 1157 2146 erat,
1191 2071 1349 2131 Libertas
1371 2091 1401 2130 ss

266 2176 471 2234 comitaturum
499 2179 631 2250 negaret.
687 2173 837 2232 Meureins
865 2173 910 2232 his
937 2176 1133 2251 contemptim
1161 2173 1287 2232 reiectis
1322 2177 1399 2232 anti·

265 2297 389 2354 querum
414 2277 576 2335 editionum
596 2279 774 2354 scripturam
791 2276 1040 2353 amplectebatur:
1067 2276 1218 2351 „Uoluisti
1236 2279 1270 2334 in
1292 2297 1400 2336 narem
1450 2243 1451 2294 l

265 2400 378 2439 mecum
402 2380 499 2438 hercle
521 2400 581 2440 una
602 2377 785 2458 imponore“.
843 2377 999 2454 „Iooatur“
1030 2381 1130 2456 inquit
1160 2380 1249 2451 „leno
1279 2381 1316 2438 in
1346 2383 1399 2438 mi·

266 2487 433 2556 seria-sua,
468 2484 567 2541 dicens
595 2503 625 2542 ae
656 2483 821 2545 mendicum
849 2484 960 2541 fectum
984 2485 1176 2559 emisisseque
1199 2502 1312 2542 omnes
1337 2485 1398 2542 for·
1451 2492 1452 2574 1

264 2592 351 2646 tunae
372 2607 440 2645 sues
462 2586 616 2662 naufragio
634 2593 744 2671 preter
762 2586 938 2658 libertatem,
963 2603 1029 2662 qum
1046 2605 1146 2644 secum
1164 2586 1274 2663 pedem
1295 2589 1400 2646 nasim
1451 2575 1452 2630 l

265 2691 375 2748 inferre
413 2684 582 2748 noluerat“.
654 2689 724 2761 Qum
758 2687 994 2748 Fleckeisenium
1032 2688 1159 2766 probare
1198 2687 1399 2748 vehementer
1451 2667 1452 2676 ¹

265 2795 367 2852 miror.
396 2821 437 2834 -
467 2794 538 2851 481.
561 2786 680 2868 Atque,
703 2811 730 2850 r.
756 2793 793 2850 ad
816 2792 899 2850 Pers.
924 2793 995 2850 234.
1024 2820 1067 2830 -
1094 2792 1166 2850 483.
1194 2790 1268 2850 Post
1297 2789 1398 2868 prins

267 2911 361 2974 quam
389 2896 487 2954 hiatur
515 2898 546 2954 in
574 2915 700 2966 caesure;
747 2893 807 2952 Fl.:
850 2893 990 2966 „Utinam
1012 2901 1060 2966 tu,
1093 2895 1177 2972 prins
1204 2913 1299 2970 quam
1333 2892 1396 2955 te“.

268 2999 371 3058 Muell.
398 2994 574 3074 „umqunm“
600 3003 653 3056 aut
677 2993 837 3074 „usquam“
869 2997 1007 3056 addebat.
1037 3025 1078 3036 -
1105 2997 1177 3056 484.
1203 2990 1397 3072 ρονὺίἰενεδ,

264 3104 393 3178 perires,
427 3122 455 3160 r.
479 3101 516 3159 od
540 3099 624 3159 Cure.
651 3102 719 3159 141.
749 3128 791 3140 -
824 3101 897 3159 486.
932 3099 1004 3158 tuae
1031 3098 1112 3158 Cam.
1142 3099 1208 3158 add.
1239 3127 1282 3139 -
1322 3103 1396 3160 491.

269 3198 352 3279 Quid
363 3249 369 3262 .
384 3249 389 3262 .
404 3249 410 3262 .
424 3197 632 3263 auocetltotio?
658 3223 711 3262 cur
732 3203 787 3261 tibi
811 3201 997 3262 auscultavi?
1019 3224 1048 3262 v.
1072 3203 1110 3261 ad
1132 3201 1241 3278 Amph.
1262 3204 1396 3263 ele-

264 3301 408 3372 ecclesio,
438 3328 466 3365 v.
490 3306 528 3364 ad
550 3307 631 3364 Asin.
657 3306 728 3364 473.
759 3335 796 3346 —
827 3306 899 3364 492.
931 3299 1029 3364 abitio
1057 3305 1124 3364 edd.
1156 3335 1192 3346 -
1223 3307 1298 3365 494.
1338 3300 1397 3365 tibi

265 3409 346 3468 Cam.
370 3437 411 3448 -
434 3411 505 3469 4951.
530 3403 641 3481 scelus,
672 3409 1067 3468 cf.sdBacoh.1092.-
1094 3409 1166 3468 498.
1200 3409 1392 3485 „qnondam”

265 3513 321 3572 del.
346 3513 427 3571 Reiz.
474 3512 521 3571 est
542 3513 726 3589 transposuit
748 3509 793 3570 Fl.
839 3510 924 3569 Notae
954 3518 1023 3569 sunt
1050 3510 1157 3569 fabnlae
1188 3511 1223 3570 de
1254 3505 1396 3588 Thyeste

265 3623 295 3675 et
319 3611 414 3675 Tereo
437 3635 506 3674 suos
528 3616 601 3693 ipsis
624 3613 700 3673 filios
723 3613 954 3674 comedentibus.
982 3643 1017 3654 -
1044 3615 1116 3674 499.
1143 3606 1232 3674 Perii
1254 3613 1326 3674 odd.
1353 3645 1394 3656 -

265 3715 369 3778 altimo
391 3712 472 3778 male
492 3713 539 3793 fit,
567 3715 731 3792 „significet
754 3736 785 3775 se
808 3713 1000 3776 vomiturire“
1026 3716 1141 3790 bamb,
1166 3736 1194 3777 r.
1218 3717 1256 3774 ad
1278 3717 1391 3795 Amph.

269 3823 358 3881 1074.
380 3850 424 3860 -
452 3822 522 3880 500.
553 3819 647 3898 Optat
673 3825 708 3879 nt
729 3820 874 3879 vomendo
902 3823 1000 3898 ipsum
1021 3820 1191 3896 pulmonem
1214 3819 1324 3878 eiiciat.
1349 3850 1392 3860 —

266 3926 335 3981 506.
363 3924 464 3996 „loeus
488 3945 523 3982 ex
546 3925 698 4000 ambigu03
721 3918 844 3983 Salsum
866 3925 944 3982 enim
967 3929 998 3981 et
1020 3924 1167 3982 urbannm
1190 3921 1342 3996 signifieat
1360 3931 1391 3982 et

265 4045 342 4101 aqua
364 4029 478 4084 marina
500 4024 675 4085 imbutum“.
706 4025 808 4086 bamb.
832 4055 873 4068 -
898 4027 969 4086 508.
996 4022 1094 4099 „Das“
1120 4029 1302 4101 corruptum,
1336 4045 1389 4084 nec

266 4128 427 4205 quidquam
445 4131 636 4207 profecerunt
654 4133 706 4186 aut
722 4130 840 4206 antiqui
858 4129 923 4186 edd.
946 4129 1011 4203 „Da
1028 4148 1100 4206 quas
1119 4125 1184 4187 res¹⁴
1205 4133 1257 4186 sut
1274 4127 1387 4187 Dissel-

265 4235 337 4290 ‹lrus
363 4232 461 4305 „Meas
483 4239 608 4310 tuasque
631 4229 696 4290 res“
727 4233 898 4292 scribentes.
949 4227 1020 4291 Eas
1048 4231 1145 4306 Cam,
1180 4231 1267 4307 idque
1294 4234 1385 4289 etiem

264 4338 293 4394 in
320 4339 341 4392 ,1
366 4336 489 4411 legitur3
523 4337 574 4392 sed
605 4355 640 4393 ne
670 4335 726 4393 hoe
754 4334 873 4411 quidem
903 4355 1006 4394 senum
1030 4340 1089 4406 est3
1125 4355 1192 4394 nem
1214 4353 1267 4391 nec
1292 4331 1381 4408 „eus‘⁴
